%YAML 1.1
%TAG !u! tag:unity3d.com,2011:
--- !u!1 &7438606727499120542
GameObject:
  m_ObjectHideFlags: 0
  m_CorrespondingSourceObject: {fileID: 0}
  m_PrefabInstance: {fileID: 0}
  m_PrefabAsset: {fileID: 0}
  serializedVersion: 6
  m_Component:
  - component: {fileID: 2207867906040020202}
  - component: {fileID: 1508288812494331683}
  - component: {fileID: 443878630224093696}
  - component: {fileID: 5570900989374287074}
  - component: {fileID: 6315680074529751430}
  m_Layer: 0
  m_Name: Capture Island
  m_TagString: Untagged
  m_Icon: {fileID: 0}
  m_NavMeshLayer: 0
  m_StaticEditorFlags: 0
  m_IsActive: 1
--- !u!4 &2207867906040020202
Transform:
  m_ObjectHideFlags: 0
  m_CorrespondingSourceObject: {fileID: 0}
  m_PrefabInstance: {fileID: 0}
  m_PrefabAsset: {fileID: 0}
  m_GameObject: {fileID: 7438606727499120542}
  m_LocalRotation: {x: -1, y: -0, z: -0, w: 0.0000029504295}
  m_LocalPosition: {x: 91.37, y: 27.612427, z: 39.02}
  m_LocalScale: {x: 1, y: 1, z: 1}
  m_Children:
  - {fileID: 3985975465424037644}
  - {fileID: 2457097049952682633}
  - {fileID: 1754088166873415479}
  - {fileID: 8443140309497906848}
  - {fileID: 1204467428911345398}
  - {fileID: 5322365986744061537}
  - {fileID: 2855601664485890159}
  - {fileID: 2376732685410511656}
  - {fileID: 4748889384359311747}
  - {fileID: 1823863926895505803}
  - {fileID: 7943166334556421759}
  - {fileID: 5573744952939171317}
  - {fileID: 2530690679095258604}
  - {fileID: 3188439443567855788}
  - {fileID: 3284395351942427908}
  - {fileID: 219369119861935343}
  - {fileID: 8063352105419687813}
  m_Father: {fileID: 0}
  m_RootOrder: 0
  m_LocalEulerAnglesHint: {x: -180, y: 0, z: 0}
--- !u!23 &1508288812494331683
MeshRenderer:
  m_ObjectHideFlags: 0
  m_CorrespondingSourceObject: {fileID: 0}
  m_PrefabInstance: {fileID: 0}
  m_PrefabAsset: {fileID: 0}
  m_GameObject: {fileID: 7438606727499120542}
  m_Enabled: 1
  m_CastShadows: 1
  m_ReceiveShadows: 1
  m_DynamicOccludee: 1
  m_MotionVectors: 1
  m_LightProbeUsage: 1
  m_ReflectionProbeUsage: 1
  m_RenderingLayerMask: 1
  m_RendererPriority: 0
  m_Materials:
  - {fileID: 2100000, guid: da199b99be04fea46aca553684808db9, type: 2}
  m_StaticBatchInfo:
    firstSubMesh: 0
    subMeshCount: 0
  m_StaticBatchRoot: {fileID: 0}
  m_ProbeAnchor: {fileID: 0}
  m_LightProbeVolumeOverride: {fileID: 0}
  m_ScaleInLightmap: 1
  m_PreserveUVs: 0
  m_IgnoreNormalsForChartDetection: 0
  m_ImportantGI: 0
  m_StitchLightmapSeams: 0
  m_SelectedEditorRenderState: 2
  m_MinimumChartSize: 4
  m_AutoUVMaxDistance: 0.5
  m_AutoUVMaxAngle: 89
  m_LightmapParameters: {fileID: 0}
  m_SortingLayerID: 0
  m_SortingLayer: 0
  m_SortingOrder: 0
--- !u!114 &443878630224093696
MonoBehaviour:
  m_ObjectHideFlags: 0
  m_CorrespondingSourceObject: {fileID: 0}
  m_PrefabInstance: {fileID: 0}
  m_PrefabAsset: {fileID: 0}
  m_GameObject: {fileID: 7438606727499120542}
  m_Enabled: 1
  m_EditorHideFlags: 0
  m_Script: {fileID: 11500000, guid: 8233d90336aea43098adf6dbabd606a2, type: 3}
  m_Name: 
  m_EditorClassIdentifier: 
  m_MeshFormatVersion: 1
  m_Faces:
  - m_Indexes: 010000000200000003000000010000000300000000000000
    m_SmoothingGroup: 0
    m_Uv:
      m_UseWorldSpace: 0
      m_FlipU: 0
      m_FlipV: 0
      m_SwapUV: 0
      m_Fill: 1
      m_Scale: {x: 1, y: 1}
      m_Offset: {x: 0, y: 0}
      m_Rotation: 0
      m_Anchor: 9
    m_Material: {fileID: 2100000, guid: c22777d6e868e4f2fb421913386b154e, type: 2}
    m_SubmeshIndex: 0
    m_ManualUV: 1
    elementGroup: 0
    m_TextureGroup: 1
  - m_Indexes: 060000000700000004000000050000000600000004000000
    m_SmoothingGroup: 0
    m_Uv:
      m_UseWorldSpace: 0
      m_FlipU: 0
      m_FlipV: 0
      m_SwapUV: 0
      m_Fill: 1
      m_Scale: {x: 1, y: 1}
      m_Offset: {x: 0, y: 0}
      m_Rotation: 0
      m_Anchor: 9
    m_Material: {fileID: 2100000, guid: c22777d6e868e4f2fb421913386b154e, type: 2}
    m_SubmeshIndex: 0
    m_ManualUV: 1
    elementGroup: 0
    m_TextureGroup: 1
  - m_Indexes: 090000000a0000000b00000008000000090000000b000000
    m_SmoothingGroup: 0
    m_Uv:
      m_UseWorldSpace: 0
      m_FlipU: 0
      m_FlipV: 0
      m_SwapUV: 0
      m_Fill: 1
      m_Scale: {x: 1, y: 1}
      m_Offset: {x: 0, y: 0}
      m_Rotation: 0
      m_Anchor: 9
    m_Material: {fileID: 2100000, guid: c22777d6e868e4f2fb421913386b154e, type: 2}
    m_SubmeshIndex: 0
    m_ManualUV: 1
    elementGroup: 0
    m_TextureGroup: 1
  - m_Indexes: 0f0000000c0000000d0000000f0000000d0000000e000000
    m_SmoothingGroup: 0
    m_Uv:
      m_UseWorldSpace: 0
      m_FlipU: 0
      m_FlipV: 0
      m_SwapUV: 0
      m_Fill: 1
      m_Scale: {x: 1, y: 1}
      m_Offset: {x: 0, y: 0}
      m_Rotation: 0
      m_Anchor: 9
    m_Material: {fileID: 2100000, guid: c22777d6e868e4f2fb421913386b154e, type: 2}
    m_SubmeshIndex: 0
    m_ManualUV: 1
    elementGroup: 0
    m_TextureGroup: 1
  - m_Indexes: 120000001300000011000000110000001300000010000000
    m_SmoothingGroup: 0
    m_Uv:
      m_UseWorldSpace: 0
      m_FlipU: 0
      m_FlipV: 0
      m_SwapUV: 0
      m_Fill: 1
      m_Scale: {x: 1, y: 1}
      m_Offset: {x: 0, y: 0}
      m_Rotation: 0
      m_Anchor: 9
    m_Material: {fileID: 2100000, guid: c22777d6e868e4f2fb421913386b154e, type: 2}
    m_SubmeshIndex: 0
    m_ManualUV: 1
    elementGroup: 0
    m_TextureGroup: 2
  - m_Indexes: 150000001600000014000000140000001600000017000000
    m_SmoothingGroup: 0
    m_Uv:
      m_UseWorldSpace: 0
      m_FlipU: 0
      m_FlipV: 0
      m_SwapUV: 0
      m_Fill: 1
      m_Scale: {x: 1, y: 1}
      m_Offset: {x: 0, y: 0}
      m_Rotation: 0
      m_Anchor: 9
    m_Material: {fileID: 2100000, guid: c22777d6e868e4f2fb421913386b154e, type: 2}
    m_SubmeshIndex: 0
    m_ManualUV: 1
    elementGroup: 0
    m_TextureGroup: 2
  - m_Indexes: 18000000190000001b0000001b000000190000001a000000
    m_SmoothingGroup: 0
    m_Uv:
      m_UseWorldSpace: 0
      m_FlipU: 0
      m_FlipV: 0
      m_SwapUV: 0
      m_Fill: 1
      m_Scale: {x: 1, y: 1}
      m_Offset: {x: 0, y: 0}
      m_Rotation: 0
      m_Anchor: 9
    m_Material: {fileID: 2100000, guid: c22777d6e868e4f2fb421913386b154e, type: 2}
    m_SubmeshIndex: 0
    m_ManualUV: 1
    elementGroup: 0
    m_TextureGroup: 2
  - m_Indexes: 1f0000001c0000001d0000001f0000001d0000001e000000
    m_SmoothingGroup: 0
    m_Uv:
      m_UseWorldSpace: 0
      m_FlipU: 0
      m_FlipV: 0
      m_SwapUV: 0
      m_Fill: 1
      m_Scale: {x: 1, y: 1}
      m_Offset: {x: 0, y: 0}
      m_Rotation: 0
      m_Anchor: 9
    m_Material: {fileID: 2100000, guid: c22777d6e868e4f2fb421913386b154e, type: 2}
    m_SubmeshIndex: 0
    m_ManualUV: 1
    elementGroup: 0
    m_TextureGroup: 2
  - m_Indexes: 210000002300000020000000210000002200000023000000
    m_SmoothingGroup: 0
    m_Uv:
      m_UseWorldSpace: 0
      m_FlipU: 0
      m_FlipV: 0
      m_SwapUV: 0
      m_Fill: 1
      m_Scale: {x: 1, y: 1}
      m_Offset: {x: 0, y: 0}
      m_Rotation: 0
      m_Anchor: 9
    m_Material: {fileID: 2100000, guid: c22777d6e868e4f2fb421913386b154e, type: 2}
    m_SubmeshIndex: 0
    m_ManualUV: 1
    elementGroup: 0
    m_TextureGroup: 3
  - m_Indexes: 270000002400000026000000240000002500000026000000
    m_SmoothingGroup: 0
    m_Uv:
      m_UseWorldSpace: 0
      m_FlipU: 0
      m_FlipV: 0
      m_SwapUV: 0
      m_Fill: 1
      m_Scale: {x: 1, y: 1}
      m_Offset: {x: 0, y: 0}
      m_Rotation: 0
      m_Anchor: 9
    m_Material: {fileID: 2100000, guid: c22777d6e868e4f2fb421913386b154e, type: 2}
    m_SubmeshIndex: 0
    m_ManualUV: 1
    elementGroup: 0
    m_TextureGroup: 3
  - m_Indexes: 2a0000002b000000290000002b0000002800000029000000
    m_SmoothingGroup: 0
    m_Uv:
      m_UseWorldSpace: 0
      m_FlipU: 0
      m_FlipV: 0
      m_SwapUV: 0
      m_Fill: 1
      m_Scale: {x: 1, y: 1}
      m_Offset: {x: 0, y: 0}
      m_Rotation: 0
      m_Anchor: 9
    m_Material: {fileID: 2100000, guid: c22777d6e868e4f2fb421913386b154e, type: 2}
    m_SubmeshIndex: 0
    m_ManualUV: 1
    elementGroup: 0
    m_TextureGroup: 3
  - m_Indexes: 2f0000002d0000002e0000002f0000002c0000002d000000
    m_SmoothingGroup: 0
    m_Uv:
      m_UseWorldSpace: 0
      m_FlipU: 0
      m_FlipV: 0
      m_SwapUV: 0
      m_Fill: 1
      m_Scale: {x: 1, y: 1}
      m_Offset: {x: 0, y: 0}
      m_Rotation: 0
      m_Anchor: 9
    m_Material: {fileID: 2100000, guid: c22777d6e868e4f2fb421913386b154e, type: 2}
    m_SubmeshIndex: 0
    m_ManualUV: 1
    elementGroup: 0
    m_TextureGroup: 3
  - m_Indexes: 320000003300000031000000330000003000000031000000
    m_SmoothingGroup: 0
    m_Uv:
      m_UseWorldSpace: 0
      m_FlipU: 0
      m_FlipV: 0
      m_SwapUV: 0
      m_Fill: 1
      m_Scale: {x: 1, y: 1}
      m_Offset: {x: 0, y: 0}
      m_Rotation: 0
      m_Anchor: 9
    m_Material: {fileID: 2100000, guid: c22777d6e868e4f2fb421913386b154e, type: 2}
    m_SubmeshIndex: 0
    m_ManualUV: 1
    elementGroup: 0
    m_TextureGroup: 4
  - m_Indexes: 370000003400000036000000340000003500000036000000
    m_SmoothingGroup: 0
    m_Uv:
      m_UseWorldSpace: 0
      m_FlipU: 0
      m_FlipV: 0
      m_SwapUV: 0
      m_Fill: 1
      m_Scale: {x: 1, y: 1}
      m_Offset: {x: 0, y: 0}
      m_Rotation: 0
      m_Anchor: 9
    m_Material: {fileID: 2100000, guid: c22777d6e868e4f2fb421913386b154e, type: 2}
    m_SubmeshIndex: 0
    m_ManualUV: 1
    elementGroup: 0
    m_TextureGroup: 4
  - m_Indexes: 390000003a0000003b000000390000003b00000038000000
    m_SmoothingGroup: 0
    m_Uv:
      m_UseWorldSpace: 0
      m_FlipU: 0
      m_FlipV: 0
      m_SwapUV: 0
      m_Fill: 1
      m_Scale: {x: 1, y: 1}
      m_Offset: {x: 0, y: 0}
      m_Rotation: 0
      m_Anchor: 9
    m_Material: {fileID: 2100000, guid: c22777d6e868e4f2fb421913386b154e, type: 2}
    m_SubmeshIndex: 0
    m_ManualUV: 1
    elementGroup: 0
    m_TextureGroup: 4
  - m_Indexes: 3c0000003d0000003f0000003d0000003e0000003f000000
    m_SmoothingGroup: 0
    m_Uv:
      m_UseWorldSpace: 0
      m_FlipU: 0
      m_FlipV: 0
      m_SwapUV: 0
      m_Fill: 1
      m_Scale: {x: 1, y: 1}
      m_Offset: {x: 0, y: 0}
      m_Rotation: 0
      m_Anchor: 9
    m_Material: {fileID: 2100000, guid: c22777d6e868e4f2fb421913386b154e, type: 2}
    m_SubmeshIndex: 0
    m_ManualUV: 1
    elementGroup: 0
    m_TextureGroup: 4
  - m_Indexes: 420000004300000040000000410000004200000040000000
    m_SmoothingGroup: 0
    m_Uv:
      m_UseWorldSpace: 0
      m_FlipU: 0
      m_FlipV: 0
      m_SwapUV: 0
      m_Fill: 1
      m_Scale: {x: 1, y: 1}
      m_Offset: {x: 0, y: 0}
      m_Rotation: 0
      m_Anchor: 9
    m_Material: {fileID: 2100000, guid: c22777d6e868e4f2fb421913386b154e, type: 2}
    m_SubmeshIndex: 0
    m_ManualUV: 1
    elementGroup: 0
    m_TextureGroup: 5
  - m_Indexes: 460000004700000045000000470000004400000045000000
    m_SmoothingGroup: 0
    m_Uv:
      m_UseWorldSpace: 0
      m_FlipU: 0
      m_FlipV: 0
      m_SwapUV: 0
      m_Fill: 1
      m_Scale: {x: 1, y: 1}
      m_Offset: {x: 0, y: 0}
      m_Rotation: 0
      m_Anchor: 9
    m_Material: {fileID: 2100000, guid: c22777d6e868e4f2fb421913386b154e, type: 2}
    m_SubmeshIndex: 0
    m_ManualUV: 1
    elementGroup: 0
    m_TextureGroup: 5
  - m_Indexes: 490000004a0000004b00000048000000490000004b000000
    m_SmoothingGroup: 0
    m_Uv:
      m_UseWorldSpace: 0
      m_FlipU: 0
      m_FlipV: 0
      m_SwapUV: 0
      m_Fill: 1
      m_Scale: {x: 1, y: 1}
      m_Offset: {x: 0, y: 0}
      m_Rotation: 0
      m_Anchor: 9
    m_Material: {fileID: 2100000, guid: c22777d6e868e4f2fb421913386b154e, type: 2}
    m_SubmeshIndex: 0
    m_ManualUV: 1
    elementGroup: 0
    m_TextureGroup: 5
  - m_Indexes: 4c0000004d0000004f0000004d0000004e0000004f000000
    m_SmoothingGroup: 0
    m_Uv:
      m_UseWorldSpace: 0
      m_FlipU: 0
      m_FlipV: 0
      m_SwapUV: 0
      m_Fill: 1
      m_Scale: {x: 1, y: 1}
      m_Offset: {x: 0, y: 0}
      m_Rotation: 0
      m_Anchor: 9
    m_Material: {fileID: 2100000, guid: c22777d6e868e4f2fb421913386b154e, type: 2}
    m_SubmeshIndex: 0
    m_ManualUV: 1
    elementGroup: 0
    m_TextureGroup: 5
  - m_Indexes: 530000005100000052000000530000005000000051000000
    m_SmoothingGroup: 0
    m_Uv:
      m_UseWorldSpace: 0
      m_FlipU: 0
      m_FlipV: 0
      m_SwapUV: 0
      m_Fill: 1
      m_Scale: {x: 1, y: 1}
      m_Offset: {x: 0, y: 0}
      m_Rotation: 0
      m_Anchor: 9
    m_Material: {fileID: 2100000, guid: c22777d6e868e4f2fb421913386b154e, type: 2}
    m_SubmeshIndex: 0
    m_ManualUV: 0
    elementGroup: 0
    m_TextureGroup: 6
  - m_Indexes: 570000005500000056000000570000005400000055000000
    m_SmoothingGroup: 0
    m_Uv:
      m_UseWorldSpace: 0
      m_FlipU: 0
      m_FlipV: 0
      m_SwapUV: 0
      m_Fill: 1
      m_Scale: {x: 1, y: 1}
      m_Offset: {x: 0, y: 0}
      m_Rotation: 0
      m_Anchor: 9
    m_Material: {fileID: 2100000, guid: c22777d6e868e4f2fb421913386b154e, type: 2}
    m_SubmeshIndex: 0
    m_ManualUV: 0
    elementGroup: 0
    m_TextureGroup: 6
  - m_Indexes: 5a00000058000000590000005a0000005b00000058000000
    m_SmoothingGroup: 0
    m_Uv:
      m_UseWorldSpace: 0
      m_FlipU: 0
      m_FlipV: 0
      m_SwapUV: 0
      m_Fill: 1
      m_Scale: {x: 1, y: 1}
      m_Offset: {x: 0, y: 0}
      m_Rotation: 0
      m_Anchor: 9
    m_Material: {fileID: 2100000, guid: c22777d6e868e4f2fb421913386b154e, type: 2}
    m_SubmeshIndex: 0
    m_ManualUV: 0
    elementGroup: 0
    m_TextureGroup: 6
  - m_Indexes: 5d0000005f0000005c0000005d0000005e0000005f000000
    m_SmoothingGroup: 0
    m_Uv:
      m_UseWorldSpace: 0
      m_FlipU: 0
      m_FlipV: 0
      m_SwapUV: 0
      m_Fill: 1
      m_Scale: {x: 1, y: 1}
      m_Offset: {x: 0, y: 0}
      m_Rotation: 0
      m_Anchor: 9
    m_Material: {fileID: 2100000, guid: c22777d6e868e4f2fb421913386b154e, type: 2}
    m_SubmeshIndex: 0
    m_ManualUV: 0
    elementGroup: 0
    m_TextureGroup: 6
  - m_Indexes: 610000006300000060000000610000006200000063000000
    m_SmoothingGroup: -1
    m_Uv:
      m_UseWorldSpace: 0
      m_FlipU: 0
      m_FlipV: 0
      m_SwapUV: 0
      m_Fill: 1
      m_Scale: {x: 1, y: 1}
      m_Offset: {x: 0, y: 0}
      m_Rotation: 0
      m_Anchor: 9
    m_Material: {fileID: 2100000, guid: c22777d6e868e4f2fb421913386b154e, type: 2}
    m_SubmeshIndex: 0
    m_ManualUV: 0
    elementGroup: 0
    m_TextureGroup: 7
  - m_Indexes: 670000006400000066000000640000006500000066000000
    m_SmoothingGroup: -1
    m_Uv:
      m_UseWorldSpace: 0
      m_FlipU: 0
      m_FlipV: 0
      m_SwapUV: 0
      m_Fill: 1
      m_Scale: {x: 1, y: 1}
      m_Offset: {x: 0, y: 0}
      m_Rotation: 0
      m_Anchor: 9
    m_Material: {fileID: 2100000, guid: c22777d6e868e4f2fb421913386b154e, type: 2}
    m_SubmeshIndex: 0
    m_ManualUV: 0
    elementGroup: 0
    m_TextureGroup: 7
  - m_Indexes: 6a0000006b000000690000006b0000006800000069000000
    m_SmoothingGroup: -1
    m_Uv:
      m_UseWorldSpace: 0
      m_FlipU: 0
      m_FlipV: 0
      m_SwapUV: 0
      m_Fill: 1
      m_Scale: {x: 1, y: 1}
      m_Offset: {x: 0, y: 0}
      m_Rotation: 0
      m_Anchor: 9
    m_Material: {fileID: 2100000, guid: c22777d6e868e4f2fb421913386b154e, type: 2}
    m_SubmeshIndex: 0
    m_ManualUV: 0
    elementGroup: 0
    m_TextureGroup: 7
  - m_Indexes: 6f0000006d0000006e0000006f0000006c0000006d000000
    m_SmoothingGroup: -1
    m_Uv:
      m_UseWorldSpace: 0
      m_FlipU: 0
      m_FlipV: 0
      m_SwapUV: 0
      m_Fill: 1
      m_Scale: {x: 1, y: 1}
      m_Offset: {x: 0, y: 0}
      m_Rotation: 0
      m_Anchor: 9
    m_Material: {fileID: 2100000, guid: c22777d6e868e4f2fb421913386b154e, type: 2}
    m_SubmeshIndex: 0
    m_ManualUV: 0
    elementGroup: 0
    m_TextureGroup: 7
  - m_Indexes: 730000007000000071000000720000007300000071000000
    m_SmoothingGroup: -1
    m_Uv:
      m_UseWorldSpace: 0
      m_FlipU: 0
      m_FlipV: 0
      m_SwapUV: 0
      m_Fill: 1
      m_Scale: {x: 1, y: 1}
      m_Offset: {x: 0, y: 0}
      m_Rotation: 0
      m_Anchor: 9
    m_Material: {fileID: 2100000, guid: c22777d6e868e4f2fb421913386b154e, type: 2}
    m_SubmeshIndex: 0
    m_ManualUV: 0
    elementGroup: 0
    m_TextureGroup: 8
  - m_Indexes: 760000007700000074000000760000007400000075000000
    m_SmoothingGroup: -1
    m_Uv:
      m_UseWorldSpace: 0
      m_FlipU: 0
      m_FlipV: 0
      m_SwapUV: 0
      m_Fill: 1
      m_Scale: {x: 1, y: 1}
      m_Offset: {x: 0, y: 0}
      m_Rotation: 0
      m_Anchor: 9
    m_Material: {fileID: 2100000, guid: c22777d6e868e4f2fb421913386b154e, type: 2}
    m_SubmeshIndex: 0
    m_ManualUV: 0
    elementGroup: 0
    m_TextureGroup: 8
  - m_Indexes: 790000007b00000078000000790000007a0000007b000000
    m_SmoothingGroup: -1
    m_Uv:
      m_UseWorldSpace: 0
      m_FlipU: 0
      m_FlipV: 0
      m_SwapUV: 0
      m_Fill: 1
      m_Scale: {x: 1, y: 1}
      m_Offset: {x: 0, y: 0}
      m_Rotation: 0
      m_Anchor: 9
    m_Material: {fileID: 2100000, guid: c22777d6e868e4f2fb421913386b154e, type: 2}
    m_SubmeshIndex: 0
    m_ManualUV: 0
    elementGroup: 0
    m_TextureGroup: 8
  - m_Indexes: 7f0000007c0000007d0000007f0000007d0000007e000000
    m_SmoothingGroup: -1
    m_Uv:
      m_UseWorldSpace: 0
      m_FlipU: 0
      m_FlipV: 0
      m_SwapUV: 0
      m_Fill: 1
      m_Scale: {x: 1, y: 1}
      m_Offset: {x: 0, y: 0}
      m_Rotation: 0
      m_Anchor: 9
    m_Material: {fileID: 2100000, guid: c22777d6e868e4f2fb421913386b154e, type: 2}
    m_SubmeshIndex: 0
    m_ManualUV: 0
    elementGroup: 0
    m_TextureGroup: 8
  - m_Indexes: 810000008300000080000000810000008200000083000000
    m_SmoothingGroup: -1
    m_Uv:
      m_UseWorldSpace: 0
      m_FlipU: 0
      m_FlipV: 0
      m_SwapUV: 0
      m_Fill: 1
      m_Scale: {x: 1, y: 1}
      m_Offset: {x: 0, y: 0}
      m_Rotation: 0
      m_Anchor: 9
    m_Material: {fileID: 2100000, guid: c22777d6e868e4f2fb421913386b154e, type: 2}
    m_SubmeshIndex: 0
    m_ManualUV: 0
    elementGroup: 0
    m_TextureGroup: 9
  - m_Indexes: 870000008400000086000000840000008500000086000000
    m_SmoothingGroup: -1
    m_Uv:
      m_UseWorldSpace: 0
      m_FlipU: 0
      m_FlipV: 0
      m_SwapUV: 0
      m_Fill: 1
      m_Scale: {x: 1, y: 1}
      m_Offset: {x: 0, y: 0}
      m_Rotation: 0
      m_Anchor: 9
    m_Material: {fileID: 2100000, guid: c22777d6e868e4f2fb421913386b154e, type: 2}
    m_SubmeshIndex: 0
    m_ManualUV: 0
    elementGroup: 0
    m_TextureGroup: 9
  - m_Indexes: 890000008a0000008b00000088000000890000008b000000
    m_SmoothingGroup: -1
    m_Uv:
      m_UseWorldSpace: 0
      m_FlipU: 0
      m_FlipV: 0
      m_SwapUV: 0
      m_Fill: 1
      m_Scale: {x: 1, y: 1}
      m_Offset: {x: 0, y: 0}
      m_Rotation: 0
      m_Anchor: 9
    m_Material: {fileID: 2100000, guid: c22777d6e868e4f2fb421913386b154e, type: 2}
    m_SubmeshIndex: 0
    m_ManualUV: 0
    elementGroup: 0
    m_TextureGroup: 9
  - m_Indexes: 8d0000008e0000008f0000008d0000008f0000008c000000
    m_SmoothingGroup: -1
    m_Uv:
      m_UseWorldSpace: 0
      m_FlipU: 0
      m_FlipV: 0
      m_SwapUV: 0
      m_Fill: 1
      m_Scale: {x: 1, y: 1}
      m_Offset: {x: 0, y: 0}
      m_Rotation: 0
      m_Anchor: 9
    m_Material: {fileID: 2100000, guid: c22777d6e868e4f2fb421913386b154e, type: 2}
    m_SubmeshIndex: 0
    m_ManualUV: 0
    elementGroup: 0
    m_TextureGroup: 9
  - m_Indexes: 910000009200000093000000900000009100000093000000
    m_SmoothingGroup: -1
    m_Uv:
      m_UseWorldSpace: 0
      m_FlipU: 0
      m_FlipV: 0
      m_SwapUV: 0
      m_Fill: 1
      m_Scale: {x: 1, y: 1}
      m_Offset: {x: 0, y: 0}
      m_Rotation: 0
      m_Anchor: 9
    m_Material: {fileID: 2100000, guid: c22777d6e868e4f2fb421913386b154e, type: 2}
    m_SubmeshIndex: 0
    m_ManualUV: 0
    elementGroup: 0
    m_TextureGroup: 10
  - m_Indexes: 950000009600000094000000960000009700000094000000
    m_SmoothingGroup: -1
    m_Uv:
      m_UseWorldSpace: 0
      m_FlipU: 0
      m_FlipV: 0
      m_SwapUV: 0
      m_Fill: 1
      m_Scale: {x: 1, y: 1}
      m_Offset: {x: 0, y: 0}
      m_Rotation: 0
      m_Anchor: 9
    m_Material: {fileID: 2100000, guid: c22777d6e868e4f2fb421913386b154e, type: 2}
    m_SubmeshIndex: 0
    m_ManualUV: 0
    elementGroup: 0
    m_TextureGroup: 10
  - m_Indexes: 98000000990000009b000000990000009a0000009b000000
    m_SmoothingGroup: -1
    m_Uv:
      m_UseWorldSpace: 0
      m_FlipU: 0
      m_FlipV: 0
      m_SwapUV: 0
      m_Fill: 1
      m_Scale: {x: 1, y: 1}
      m_Offset: {x: 0, y: 0}
      m_Rotation: 0
      m_Anchor: 9
    m_Material: {fileID: 2100000, guid: c22777d6e868e4f2fb421913386b154e, type: 2}
    m_SubmeshIndex: 0
    m_ManualUV: 0
    elementGroup: 0
    m_TextureGroup: 10
  - m_Indexes: 9f0000009c0000009d0000009e0000009f0000009d000000
    m_SmoothingGroup: -1
    m_Uv:
      m_UseWorldSpace: 0
      m_FlipU: 0
      m_FlipV: 0
      m_SwapUV: 0
      m_Fill: 1
      m_Scale: {x: 1, y: 1}
      m_Offset: {x: 0, y: 0}
      m_Rotation: 0
      m_Anchor: 9
    m_Material: {fileID: 2100000, guid: c22777d6e868e4f2fb421913386b154e, type: 2}
    m_SubmeshIndex: 0
    m_ManualUV: 0
    elementGroup: 0
    m_TextureGroup: 10
  m_SharedVertices:
  - m_Vertices: 00000000350000005d000000
  - m_Vertices: 01000000040000005a0000005c000000
  - m_Vertices: 02000000070000000b0000000f000000
  - m_Vertices: 030000000e0000003600000038000000
  - m_Vertices: 050000001000000059000000
  - m_Vertices: 0600000008000000130000001e000000
  - m_Vertices: 090000001d0000006500000090000000
  - m_Vertices: 0a0000000c0000006100000064000000
  - m_Vertices: 0d000000390000006000000075000000
  - m_Vertices: 11000000140000005600000058000000
  - m_Vertices: 12000000170000001b0000001f000000
  - m_Vertices: 150000002000000055000000
  - m_Vertices: 1600000018000000230000002e000000
  - m_Vertices: 190000002d0000008000000095000000
  - m_Vertices: 1a0000001c0000009100000094000000
  - m_Vertices: 21000000240000005100000054000000
  - m_Vertices: 22000000270000002b0000002f000000
  - m_Vertices: 250000003000000050000000
  - m_Vertices: 2600000028000000330000003e000000
  - m_Vertices: 290000003d0000007000000085000000
  - m_Vertices: 2a0000002c0000008100000084000000
  - m_Vertices: 3100000034000000530000005e000000
  - m_Vertices: 32000000370000003b0000003f000000
  - m_Vertices: 3a0000003c0000007100000074000000
  - m_Vertices: 400000006d00000079000000
  - m_Vertices: 41000000440000006a0000006c000000
  - m_Vertices: 42000000470000004b0000004f000000
  - m_Vertices: 430000004e0000007a0000007c000000
  - m_Vertices: 45000000690000009d000000
  - m_Vertices: 46000000480000009a0000009c000000
  - m_Vertices: 490000008d00000099000000
  - m_Vertices: 4a0000004c0000008a0000008c000000
  - m_Vertices: 4d0000007d00000089000000
  - m_Vertices: 52000000570000005b0000005f000000
  - m_Vertices: 62000000670000006b0000006f000000
  - m_Vertices: 630000006e0000007600000078000000
  - m_Vertices: 6600000068000000930000009e000000
  - m_Vertices: 72000000770000007b0000007f000000
  - m_Vertices: 730000007e0000008600000088000000
  - m_Vertices: 82000000870000008b0000008f000000
  - m_Vertices: 830000008e0000009600000098000000
  - m_Vertices: 92000000970000009b0000009f000000
  m_SharedTextures: []
  m_Positions:
  - {x: -0.8270035, y: 0.45719168, z: 3.4980583}
  - {x: 0.5, y: 0.45719168, z: 3.4980583}
  - {x: 0.5, y: 0.683236, z: 2.6366296}
  - {x: -0.39159393, y: 0.6832314, z: 1.8544375}
  - {x: 0.5, y: 0.45719168, z: 3.4980583}
  - {x: 4.36911, y: 0.45719168, z: 3.4980583}
  - {x: 1.3915939, y: 0.6832314, z: 1.8544375}
  - {x: 0.5, y: 0.683236, z: 2.6366296}
  - {x: 1.3915939, y: 0.6832314, z: 1.8544375}
  - {x: 1.0778809, y: 0.85340595, z: 1.0388886}
  - {x: 0.5, y: 0.80000544, z: 0.96100414}
  - {x: 0.5, y: 0.683236, z: 2.6366296}
  - {x: 0.5, y: 0.80000544, z: 0.96100414}
  - {x: -0.07788086, y: 0.85340595, z: 1.0388886}
  - {x: -0.39159393, y: 0.6832314, z: 1.8544375}
  - {x: 0.5, y: 0.683236, z: 2.6366296}
  - {x: 4.36911, y: 0.45719168, z: 3.4980583}
  - {x: 4.36911, y: 0.4571719, z: -0.5000038}
  - {x: 1.3915977, y: 0.6832197, z: -0.5000022}
  - {x: 1.3915939, y: 0.6832314, z: 1.8544375}
  - {x: 4.36911, y: 0.4571719, z: -0.5000038}
  - {x: 4.36911, y: 0.30402112, z: -1.8270102}
  - {x: 1.3915977, y: 0.68321776, z: -1.3915999}
  - {x: 1.3915977, y: 0.6832197, z: -0.5000022}
  - {x: 1.3915977, y: 0.68321776, z: -1.3915999}
  - {x: 1.0778809, y: 0.85339844, z: -1.0778831}
  - {x: 1, y: 0.8, z: -0.5}
  - {x: 1.3915977, y: 0.6832197, z: -0.5000022}
  - {x: 1, y: 0.8, z: -0.5}
  - {x: 1.0778809, y: 0.85340595, z: 1.0388886}
  - {x: 1.3915939, y: 0.6832314, z: 1.8544375}
  - {x: 1.3915977, y: 0.6832197, z: -0.5000022}
  - {x: 4.36911, y: 0.30402112, z: -1.8270102}
  - {x: 0.5, y: 0.36677408, z: -1.8270105}
  - {x: 0.5, y: 0.68321776, z: -1.3915999}
  - {x: 1.3915977, y: 0.68321776, z: -1.3915999}
  - {x: 0.5, y: 0.36677408, z: -1.8270105}
  - {x: -0.8270035, y: 0.51572657, z: -1.8270115}
  - {x: -0.39159775, y: 0.68321776, z: -1.3915999}
  - {x: 0.5, y: 0.68321776, z: -1.3915999}
  - {x: -0.39159775, y: 0.68321776, z: -1.3915999}
  - {x: -0.07788086, y: 0.85339844, z: -1.0778831}
  - {x: 0.5, y: 0.8, z: -1}
  - {x: 0.5, y: 0.68321776, z: -1.3915999}
  - {x: 0.5, y: 0.8, z: -1}
  - {x: 1.0778809, y: 0.85339844, z: -1.0778831}
  - {x: 1.3915977, y: 0.68321776, z: -1.3915999}
  - {x: 0.5, y: 0.68321776, z: -1.3915999}
  - {x: -0.8270035, y: 0.51572657, z: -1.8270115}
  - {x: -0.8270035, y: 0.4443862, z: -0.5000037}
  - {x: -0.39159775, y: 0.6832197, z: -0.5000022}
  - {x: -0.39159775, y: 0.68321776, z: -1.3915999}
  - {x: -0.8270035, y: 0.4443862, z: -0.5000037}
  - {x: -0.8270035, y: 0.45719168, z: 3.4980583}
  - {x: -0.39159393, y: 0.6832314, z: 1.8544375}
  - {x: -0.39159775, y: 0.6832197, z: -0.5000022}
  - {x: -0.39159393, y: 0.6832314, z: 1.8544375}
  - {x: -0.07788086, y: 0.85340595, z: 1.0388886}
  - {x: 0, y: 0.8, z: -0.5}
  - {x: -0.39159775, y: 0.6832197, z: -0.5000022}
  - {x: 0, y: 0.8, z: -0.5}
  - {x: -0.07788086, y: 0.85339844, z: -1.0778831}
  - {x: -0.39159775, y: 0.68321776, z: -1.3915999}
  - {x: -0.39159775, y: 0.6832197, z: -0.5000022}
  - {x: 0.2, y: 1, z: -0.2}
  - {x: 0.5, y: 1, z: -0.2}
  - {x: 0.5, y: 1, z: -0.5}
  - {x: 0.2, y: 1, z: -0.5}
  - {x: 0.5, y: 1, z: -0.2}
  - {x: 0.8, y: 1, z: -0.2}
  - {x: 0.8, y: 1, z: -0.5}
  - {x: 0.5, y: 1, z: -0.5}
  - {x: 0.8, y: 1, z: -0.5}
  - {x: 0.8, y: 1, z: -0.8}
  - {x: 0.5, y: 1, z: -0.8}
  - {x: 0.5, y: 1, z: -0.5}
  - {x: 0.5, y: 1, z: -0.8}
  - {x: 0.2, y: 1, z: -0.8}
  - {x: 0.2, y: 1, z: -0.5}
  - {x: 0.5, y: 1, z: -0.5}
  - {x: -0.8270035, y: 0.51572657, z: -1.8270115}
  - {x: 0.5, y: 0.36677408, z: -1.8270105}
  - {x: 0.5, y: 0.36247966, z: -0.5000032}
  - {x: -0.8270035, y: 0.4443862, z: -0.5000037}
  - {x: 0.5, y: 0.36677408, z: -1.8270105}
  - {x: 4.36911, y: 0.30402112, z: -1.8270102}
  - {x: 4.36911, y: 0.4571719, z: -0.5000038}
  - {x: 0.5, y: 0.36247966, z: -0.5000032}
  - {x: 4.36911, y: 0.4571719, z: -0.5000038}
  - {x: 4.36911, y: 0.45719168, z: 3.4980583}
  - {x: 0.5, y: 0.45719168, z: 3.4980583}
  - {x: 0.5, y: 0.36247966, z: -0.5000032}
  - {x: 0.5, y: 0.45719168, z: 3.4980583}
  - {x: -0.8270035, y: 0.45719168, z: 3.4980583}
  - {x: -0.8270035, y: 0.4443862, z: -0.5000037}
  - {x: 0.5, y: 0.36247966, z: -0.5000032}
  - {x: -0.07788086, y: 0.85340595, z: 1.0388886}
  - {x: 0.5, y: 0.80000544, z: 0.96100414}
  - {x: 0.5, y: 0.9, z: -0.1}
  - {x: 0.1, y: 0.9, z: -0.1}
  - {x: 0.5, y: 0.80000544, z: 0.96100414}
  - {x: 1.0778809, y: 0.85340595, z: 1.0388886}
  - {x: 0.9, y: 0.9, z: -0.1}
  - {x: 0.5, y: 0.9, z: -0.1}
  - {x: 0.9, y: 0.9, z: -0.1}
  - {x: 0.8, y: 1, z: -0.2}
  - {x: 0.5, y: 1, z: -0.2}
  - {x: 0.5, y: 0.9, z: -0.1}
  - {x: 0.5, y: 1, z: -0.2}
  - {x: 0.2, y: 1, z: -0.2}
  - {x: 0.1, y: 0.9, z: -0.1}
  - {x: 0.5, y: 0.9, z: -0.1}
  - {x: -0.07788086, y: 0.85339844, z: -1.0778831}
  - {x: 0, y: 0.8, z: -0.5}
  - {x: 0.1, y: 0.9, z: -0.5}
  - {x: 0.1, y: 0.9, z: -0.9}
  - {x: 0, y: 0.8, z: -0.5}
  - {x: -0.07788086, y: 0.85340595, z: 1.0388886}
  - {x: 0.1, y: 0.9, z: -0.1}
  - {x: 0.1, y: 0.9, z: -0.5}
  - {x: 0.1, y: 0.9, z: -0.1}
  - {x: 0.2, y: 1, z: -0.2}
  - {x: 0.2, y: 1, z: -0.5}
  - {x: 0.1, y: 0.9, z: -0.5}
  - {x: 0.2, y: 1, z: -0.5}
  - {x: 0.2, y: 1, z: -0.8}
  - {x: 0.1, y: 0.9, z: -0.9}
  - {x: 0.1, y: 0.9, z: -0.5}
  - {x: 1.0778809, y: 0.85339844, z: -1.0778831}
  - {x: 0.5, y: 0.8, z: -1}
  - {x: 0.5, y: 0.9, z: -0.9}
  - {x: 0.9, y: 0.9, z: -0.9}
  - {x: 0.5, y: 0.8, z: -1}
  - {x: -0.07788086, y: 0.85339844, z: -1.0778831}
  - {x: 0.1, y: 0.9, z: -0.9}
  - {x: 0.5, y: 0.9, z: -0.9}
  - {x: 0.1, y: 0.9, z: -0.9}
  - {x: 0.2, y: 1, z: -0.8}
  - {x: 0.5, y: 1, z: -0.8}
  - {x: 0.5, y: 0.9, z: -0.9}
  - {x: 0.5, y: 1, z: -0.8}
  - {x: 0.8, y: 1, z: -0.8}
  - {x: 0.9, y: 0.9, z: -0.9}
  - {x: 0.5, y: 0.9, z: -0.9}
  - {x: 1.0778809, y: 0.85340595, z: 1.0388886}
  - {x: 1, y: 0.8, z: -0.5}
  - {x: 0.9, y: 0.9, z: -0.5}
  - {x: 0.9, y: 0.9, z: -0.1}
  - {x: 1, y: 0.8, z: -0.5}
  - {x: 1.0778809, y: 0.85339844, z: -1.0778831}
  - {x: 0.9, y: 0.9, z: -0.9}
  - {x: 0.9, y: 0.9, z: -0.5}
  - {x: 0.9, y: 0.9, z: -0.9}
  - {x: 0.8, y: 1, z: -0.8}
  - {x: 0.8, y: 1, z: -0.5}
  - {x: 0.9, y: 0.9, z: -0.5}
  - {x: 0.8, y: 1, z: -0.5}
  - {x: 0.8, y: 1, z: -0.2}
  - {x: 0.9, y: 0.9, z: -0.1}
  - {x: 0.9, y: 0.9, z: -0.5}
  m_Textures0:
  - {x: 0, y: 0}
  - {x: -0.5, y: 0}
  - {x: -0.5, y: 0.4}
  - {x: 0, y: 0.4}
  - {x: -0.5, y: 0}
  - {x: -1, y: 0}
  - {x: -1, y: 0.4}
  - {x: -0.5, y: 0.4}
  - {x: -1, y: 0.4}
  - {x: -1, y: 0.8}
  - {x: -0.5, y: 0.8}
  - {x: -0.5, y: 0.4}
  - {x: -0.5, y: 0.8}
  - {x: 0, y: 0.8}
  - {x: 0, y: 0.4}
  - {x: -0.5, y: 0.4}
  - {x: 0, y: 0}
  - {x: -0.5, y: 0}
  - {x: -0.5, y: 0.4}
  - {x: 0, y: 0.4}
  - {x: -0.5, y: 0}
  - {x: -1, y: 0}
  - {x: -1, y: 0.4}
  - {x: -0.5, y: 0.4}
  - {x: -1, y: 0.4}
  - {x: -1, y: 0.8}
  - {x: -0.5, y: 0.8}
  - {x: -0.5, y: 0.4}
  - {x: -0.5, y: 0.8}
  - {x: 0, y: 0.8}
  - {x: 0, y: 0.4}
  - {x: -0.5, y: 0.4}
  - {x: 1, y: 0}
  - {x: 0.5, y: 0}
  - {x: 0.5, y: 0.4}
  - {x: 1, y: 0.4}
  - {x: 0.5, y: 0}
  - {x: 0, y: 0}
  - {x: 0, y: 0.4}
  - {x: 0.5, y: 0.4}
  - {x: 0, y: 0.4}
  - {x: 0, y: 0.8}
  - {x: 0.5, y: 0.8}
  - {x: 0.5, y: 0.4}
  - {x: 0.5, y: 0.8}
  - {x: 1, y: 0.8}
  - {x: 1, y: 0.4}
  - {x: 0.5, y: 0.4}
  - {x: 1, y: 0}
  - {x: 0.5, y: 0}
  - {x: 0.5, y: 0.4}
  - {x: 1, y: 0.4}
  - {x: 0.5, y: 0}
  - {x: 0, y: 0}
  - {x: 0, y: 0.4}
  - {x: 0.5, y: 0.4}
  - {x: 0, y: 0.4}
  - {x: 0, y: 0.8}
  - {x: 0.5, y: 0.8}
  - {x: 0.5, y: 0.4}
  - {x: 0.5, y: 0.8}
  - {x: 1, y: 0.8}
  - {x: 1, y: 0.4}
  - {x: 0.5, y: 0.4}
  - {x: 0.2, y: -0.2}
  - {x: 0.5, y: -0.2}
  - {x: 0.5, y: -0.5}
  - {x: 0.2, y: -0.5}
  - {x: 0.5, y: -0.2}
  - {x: 0.8, y: -0.2}
  - {x: 0.8, y: -0.5}
  - {x: 0.5, y: -0.5}
  - {x: 0.8, y: -0.5}
  - {x: 0.8, y: -0.8}
  - {x: 0.5, y: -0.8}
  - {x: 0.5, y: -0.5}
  - {x: 0.5, y: -0.8}
  - {x: 0.2, y: -0.8}
  - {x: 0.2, y: -0.5}
  - {x: 0.5, y: -0.5}
  - {x: 0.8317872, y: -1.8087841}
  - {x: -0.49655035, y: -1.8134017}
  - {x: -0.4965905, y: -0.48729897}
  - {x: 0.8311205, y: -0.4849486}
  - {x: -0.49655035, y: -1.8134017}
  - {x: -4.366078, y: -1.8143008}
  - {x: -4.3646464, y: -0.4828737}
  - {x: -0.4965905, y: -0.48729897}
  - {x: -4.3646464, y: -0.4828737}
  - {x: -4.3646464, y: 3.5129013}
  - {x: -0.49570534, y: 3.5116782}
  - {x: -0.4965905, y: -0.48729897}
  - {x: -0.49570534, y: 3.5116782}
  - {x: 0.8312402, y: 3.5112588}
  - {x: 0.8311205, y: -0.4849486}
  - {x: -0.4965905, y: -0.48729897}
  - {x: -0.102755986, y: 0.58885294}
  - {x: 0.47643727, y: 0.5333227}
  - {x: 0.47351873, y: -0.47252744}
  - {x: 0.073689155, y: -0.4676535}
  - {x: 0.47643727, y: 0.5333227}
  - {x: 1.0525134, y: 0.5747703}
  - {x: 0.8733483, y: -0.47740135}
  - {x: 0.47351873, y: -0.47252744}
  - {x: 0.8733483, y: -0.47740135}
  - {x: 0.7704722, y: -0.60878134}
  - {x: 0.47060004, y: -0.6051259}
  - {x: 0.47351873, y: -0.47252744}
  - {x: 0.47060004, y: -0.6051259}
  - {x: 0.17072785, y: -0.6014705}
  - {x: 0.073689155, y: -0.4676535}
  - {x: 0.47351873, y: -0.47252744}
  - {x: 0.4816723, y: -1.1016221}
  - {x: 0.5079374, y: -0.52096134}
  - {x: 0.6486872, y: -0.5214348}
  - {x: 0.6486872, y: -0.9211981}
  - {x: 0.5079374, y: -0.52096134}
  - {x: 0.48167706, y: 1.013897}
  - {x: 0.6486872, y: -0.121671446}
  - {x: 0.6486872, y: -0.5214348}
  - {x: 0.6486872, y: -0.121671446}
  - {x: 0.789437, y: -0.22208573}
  - {x: 0.789437, y: -0.5219082}
  - {x: 0.6486872, y: -0.5214348}
  - {x: 0.789437, y: -0.5219082}
  - {x: 0.789437, y: -0.82173073}
  - {x: 0.6486872, y: -0.9211981}
  - {x: 0.6486872, y: -0.5214348}
  - {x: 1.1147896, y: -0.32253364}
  - {x: 0.535105, y: -0.27987114}
  - {x: 0.539555, y: -0.13919091}
  - {x: 0.93915874, y: -0.1504859}
  - {x: 0.535105, y: -0.27987114}
  - {x: -0.03982715, y: -0.28989783}
  - {x: 0.13995129, y: -0.1278959}
  - {x: 0.539555, y: -0.13919091}
  - {x: 0.13995129, y: -0.1278959}
  - {x: 0.24430226, y: 0.009960562}
  - {x: 0.5440051, y: 0.0014893106}
  - {x: 0.539555, y: -0.13919091}
  - {x: 0.5440051, y: 0.0014893106}
  - {x: 0.8437079, y: -0.0069819414}
  - {x: 0.93915874, y: -0.1504859}
  - {x: 0.539555, y: -0.13919091}
  - {x: 0.29089928, y: 0.99205995}
  - {x: 0.26463896, y: -0.5427984}
  - {x: 0.12388914, y: -0.54327184}
  - {x: 0.12388914, y: -0.1435085}
  - {x: 0.26463896, y: -0.5427984}
  - {x: 0.29090405, y: -1.1234592}
  - {x: 0.12388914, y: -0.9430352}
  - {x: 0.12388914, y: -0.54327184}
  - {x: 0.12388914, y: -0.9430352}
  - {x: -0.016860666, y: -0.8435678}
  - {x: -0.016860666, y: -0.5437453}
  - {x: 0.12388914, y: -0.54327184}
  - {x: -0.016860666, y: -0.5437453}
  - {x: -0.016860666, y: -0.24392278}
  - {x: 0.12388914, y: -0.1435085}
  - {x: 0.12388914, y: -0.54327184}
  m_Textures2: []
  m_Textures3: []
  m_Tangents:
  - {x: -1, y: 0, z: 0, w: -1}
  - {x: -0.93954927, y: -0.0380099, z: -0.34029746, w: -1}
  - {x: -0.7517206, y: -0.0000038695475, z: -0.65948176, w: -1}
  - {x: -0.93954927, y: -0.0380099, z: -0.34029746, w: -1}
  - {x: -0.9812596, y: 0.07500631, z: 0.17749292, w: -1}
  - {x: -1, y: 0, z: 0, w: -1}
  - {x: -0.9812596, y: 0.07500631, z: 0.17749292, w: -1}
  - {x: -0.7517206, y: 0.0000038695475, z: 0.65948176, w: -1}
  - {x: -0.7517206, y: 0.000003875698, z: 0.65948176, w: -1}
  - {x: -0.9013017, y: -0.03353426, z: 0.43189222, w: -1}
  - {x: -0.9869098, y: -0.091197856, z: -0.1330117, w: -1}
  - {x: -0.9013017, y: -0.03353426, z: 0.43189222, w: -1}
  - {x: -0.9869098, y: 0.091197856, z: 0.1330117, w: -1}
  - {x: -0.9013017, y: 0.03353426, z: -0.43189222, w: -1}
  - {x: -0.7517206, y: -0.000003875698, z: -0.65948176, w: -1}
  - {x: -0.9013017, y: 0.03353426, z: -0.43189222, w: -1}
  - {x: 0, y: 0.0000049495834, z: 1, w: -1}
  - {x: -0.00000060133675, y: 0.000004952554, z: 1, w: -1}
  - {x: -0.0000016202144, y: 0.0000049872224, z: 1, w: -1}
  - {x: -0.00000060133675, y: 0.000004952554, z: 1, w: -1}
  - {x: -0.0010653707, y: 0.05743013, z: 0.998349, w: -1}
  - {x: 0, y: 0.114649706, z: 0.993406, w: -1}
  - {x: -0.0010653707, y: 0.05743013, z: 0.998349, w: -1}
  - {x: 0, y: 0.0000021392482, z: 1, w: -1}
  - {x: 0, y: 0.0000021392482, z: 1, w: -1}
  - {x: -0.05660163, y: -0.04519009, z: 0.9973736, w: -1}
  - {x: -0.13300522, y: -0.09119404, z: 0.98691094, w: -1}
  - {x: -0.05660163, y: -0.04519009, z: 0.9973736, w: -1}
  - {x: 0.05051349, y: 0.03463907, z: 0.9981225, w: -1}
  - {x: 0.021389686, y: 0.017071266, z: 0.99962544, w: -1}
  - {x: -0.0000016202144, y: 0.0000049872224, z: 1, w: -1}
  - {x: 0.021389686, y: 0.017071266, z: 0.99962544, w: -1}
  - {x: 0.9998685, y: -0.016216833, z: 0.00000009237146, w: -1}
  - {x: 0.9999482, y: -0.0098718945, z: -0.0024589528, w: -1}
  - {x: 1, y: 0, z: 0, w: -1}
  - {x: 0.9999482, y: -0.0098718945, z: -0.0024589528, w: -1}
  - {x: 0.9981344, y: -0.06094591, z: -0.0036633965, w: -1}
  - {x: 0.9937592, y: -0.11154675, z: 0.00000071745575, w: -1}
  - {x: 0.9981344, y: -0.06094591, z: -0.0036633965, w: -1}
  - {x: 1, y: 0, z: 0, w: -1}
  - {x: 1, y: 0, z: 0, w: -1}
  - {x: 0.99737346, y: -0.04519135, z: 0.056603227, w: -1}
  - {x: 0.9869104, y: -0.09119435, z: 0.13300954, w: -1}
  - {x: 0.99737346, y: -0.04519135, z: 0.056603227, w: -1}
  - {x: 0.9869104, y: 0.09119435, z: -0.13300954, w: -1}
  - {x: 0.99737346, y: 0.04519135, z: -0.056603227, w: -1}
  - {x: 1, y: 0, z: 0, w: -1}
  - {x: 0.99737346, y: 0.04519135, z: -0.056603227, w: -1}
  - {x: 0.0000000022485056, y: 0.053682785, z: -0.998558, w: -1}
  - {x: 0.0018626779, y: 0.028354825, z: -0.9995961, w: -1}
  - {x: 0, y: -0.0000021392482, z: -1, w: -1}
  - {x: 0.0018626779, y: 0.028354825, z: -0.9995961, w: -1}
  - {x: -0.00017117446, y: -0.0017016935, z: -0.99999857, w: -1}
  - {x: 1.0928301e-10, y: -0.003202901, z: -0.9999949, w: -1}
  - {x: -0.00017117446, y: -0.0017016935, z: -0.99999857, w: -1}
  - {x: -0.0000016202144, y: -0.0000049872224, z: -1, w: -1}
  - {x: -0.0000016202144, y: -0.0000049872224, z: -1, w: -1}
  - {x: 0.021389687, y: -0.01707127, z: -0.99962544, w: -1}
  - {x: 0.05051349, y: -0.03463907, z: -0.99812245, w: -1}
  - {x: 0.021389687, y: -0.01707127, z: -0.99962544, w: -1}
  - {x: -0.13300522, y: 0.09119404, z: -0.98691094, w: -1}
  - {x: -0.05660163, y: 0.04519009, z: -0.9973736, w: -1}
  - {x: 0, y: -0.0000021392482, z: -1, w: -1}
  - {x: -0.05660163, y: 0.04519009, z: -0.9973736, w: -1}
  - {x: 1, y: 0, z: 0, w: -1}
  - {x: 1, y: 0, z: 0, w: -1}
  - {x: 1, y: 0, z: 0, w: -1}
  - {x: 1, y: 0, z: 0, w: -1}
  - {x: 1, y: 0, z: 0, w: -1}
  - {x: 1, y: 0, z: 0, w: -1}
  - {x: 1, y: 0, z: 0, w: -1}
  - {x: 1, y: 0, z: 0, w: -1}
  - {x: 1, y: 0, z: 0, w: -1}
  - {x: 1, y: 0, z: 0, w: -1}
  - {x: 1, y: 0, z: 0, w: -1}
  - {x: 1, y: 0, z: 0, w: -1}
  - {x: 1, y: 0, z: 0, w: -1}
  - {x: 1, y: 0, z: 0, w: -1}
  - {x: 1, y: 0, z: 0, w: -1}
  - {x: 1, y: 0, z: 0, w: -1}
  - {x: -0.99373263, y: 0.1117301, z: -0.0034668897, w: -1}
  - {x: -0.99623454, y: 0.08665939, z: -0.0026231178, w: -1}
  - {x: -0.9980987, y: 0.06161131, z: -0.0017693755, w: -1}
  - {x: -0.99623454, y: 0.08665939, z: -0.0026231178, w: -1}
  - {x: -0.9998686, y: 0.016217584, z: -0.0002325933, w: -1}
  - {x: -0.9999918, y: -0.004033261, z: 0.00045208214, w: -1}
  - {x: -0.9997032, y: -0.024335118, z: 0.0011397584, w: -1}
  - {x: -0.9999918, y: -0.004033261, z: 0.00045208214, w: -1}
  - {x: -0.999925, y: -0.0122238435, z: 0.0007299452, w: -1}
  - {x: -1, y: 0.0000000015655378, z: 0.00031629688, w: -1}
  - {x: -0.999925, y: -0.0122238435, z: 0.0007299452, w: -1}
  - {x: -0.9997006, y: -0.024439495, z: 0.001143267, w: -1}
  - {x: -1, y: 0.0000074849695, z: 0.0003159617, w: -1}
  - {x: -0.99952495, y: 0.030811949, z: -0.0007271793, w: -1}
  - {x: -0.9980994, y: 0.061599962, z: -0.001768969, w: -1}
  - {x: -0.99952495, y: 0.030811949, z: -0.0007271793, w: -1}
  - {x: 0.9947147, y: -0.0977155, z: -0.03153545, w: -1}
  - {x: 0.9987455, y: -0.04919222, z: -0.009351541, w: -1}
  - {x: 0.99991673, y: -0.0012112142, z: 0.012851735, w: -1}
  - {x: 0.9987455, y: -0.04919222, z: -0.009351541, w: -1}
  - {x: 0.99826175, y: 0.047213055, z: 0.035276413, w: -1}
  - {x: 0.99370605, y: 0.09614792, z: 0.057478625, w: -1}
  - {x: 0.99826175, y: 0.047213055, z: 0.035276413, w: -1}
  - {x: 0.99991673, y: -0.0012112217, z: 0.012851816, w: -1}
  - {x: 0.9999155, y: -0.009188438, z: 0.009188436, w: -1}
  - {x: 0.9999155, y: -0.009188448, z: 0.009188445, w: -1}
  - {x: 0.9999155, y: -0.009188456, z: 0.009188454, w: -1}
  - {x: 0.9999155, y: -0.009188448, z: 0.009188445, w: -1}
  - {x: 0.9999155, y: -0.009188456, z: 0.009188454, w: -1}
  - {x: 0.9999155, y: -0.009188475, z: 0.009188472, w: -1}
  - {x: 0.9999155, y: -0.009188493, z: 0.009188491, w: -1}
  - {x: 0.9999155, y: -0.009188475, z: 0.009188472, w: -1}
  - {x: 0.9248153, y: 0.38028243, z: -0.010096284, w: -1}
  - {x: 0.83192194, y: 0.554883, z: -0.0032667993, w: -1}
  - {x: 0.707103, y: 0.70710266, z: 0.0033496877, w: -1}
  - {x: 0.83192194, y: 0.554883, z: -0.0032667993, w: -1}
  - {x: 0.7625565, y: 0.6469216, z: 0.00053506426, w: -1}
  - {x: 0.8130716, y: 0.5821592, z: -0.0022877464, w: -1}
  - {x: 0.7625565, y: 0.6469216, z: 0.00053506426, w: -1}
  - {x: 0.70710295, y: 0.7071027, z: 0.003349688, w: -1}
  - {x: 0.7071027, y: 0.7071029, z: 0.0033497396, w: -1}
  - {x: 0.7071027, y: 0.7071029, z: 0.003349713, w: -1}
  - {x: 0.7071027, y: 0.7071029, z: 0.0033496867, w: -1}
  - {x: 0.7071027, y: 0.7071029, z: 0.003349713, w: -1}
  - {x: 0.7071027, y: 0.7071029, z: 0.0033496867, w: -1}
  - {x: 0.7071027, y: 0.7071029, z: 0.0033495813, w: -1}
  - {x: 0.7071027, y: 0.7071029, z: 0.0033494758, w: -1}
  - {x: 0.7071027, y: 0.7071029, z: 0.0033495813, w: -1}
  - {x: 0.9907248, y: 0.120560296, z: -0.06268664, w: -1}
  - {x: 0.9973783, y: 0.06935819, z: -0.02063811, w: -1}
  - {x: 0.9995974, y: 0.020064015, z: 0.020064026, w: -1}
  - {x: 0.9973783, y: 0.06935819, z: -0.02063811, w: -1}
  - {x: 0.9969805, y: -0.037901912, z: 0.0677734, w: -1}
  - {x: 0.9883206, y: -0.09812696, z: 0.11659163, w: -1}
  - {x: 0.9969805, y: -0.037901912, z: 0.0677734, w: -1}
  - {x: 0.9995974, y: 0.02006404, z: 0.020064052, w: -1}
  - {x: 0.9995974, y: 0.020064052, z: 0.02006404, w: -1}
  - {x: 0.9995974, y: 0.020064047, z: 0.020064035, w: -1}
  - {x: 0.9995974, y: 0.020064045, z: 0.020064034, w: -1}
  - {x: 0.9995974, y: 0.020064047, z: 0.020064035, w: -1}
  - {x: 0.9995974, y: 0.020064045, z: 0.020064034, w: -1}
  - {x: 0.9995974, y: 0.020064035, z: 0.020064024, w: -1}
  - {x: 0.9995974, y: 0.020064026, z: 0.020064015, w: -1}
  - {x: 0.9995974, y: 0.020064035, z: 0.020064024, w: -1}
  - {x: 0.81307167, y: -0.58215916, z: 0.0022881946, w: -1}
  - {x: 0.76255655, y: -0.64692146, z: -0.00053483906, w: -1}
  - {x: 0.7071031, y: -0.70710266, z: -0.0033496874, w: -1}
  - {x: 0.76255655, y: -0.64692146, z: -0.00053483906, w: -1}
  - {x: 0.831922, y: -0.554883, z: 0.0032669222, w: -1}
  - {x: 0.9248153, y: -0.38028243, z: 0.010096528, w: -1}
  - {x: 0.831922, y: -0.554883, z: 0.0032669222, w: -1}
  - {x: 0.7071029, y: -0.7071026, z: -0.003349687, w: -1}
  - {x: 0.7071026, y: -0.7071029, z: -0.0033494763, w: -1}
  - {x: 0.7071026, y: -0.7071031, z: -0.0033495822, w: -1}
  - {x: 0.7071026, y: -0.7071031, z: -0.0033496874, w: -1}
  - {x: 0.7071026, y: -0.7071031, z: -0.0033495822, w: -1}
  - {x: 0.7071026, y: -0.7071031, z: -0.0033496874, w: -1}
  - {x: 0.7071026, y: -0.7071031, z: -0.0033497403, w: -1}
  - {x: 0.70710266, y: -0.7071031, z: -0.003349793, w: -1}
  - {x: 0.7071026, y: -0.7071031, z: -0.0033497403, w: -1}
  m_Colors: []
  m_UnwrapParameters:
    m_HardAngle: 88
    m_PackMargin: 20
    m_AngleError: 8
    m_AreaError: 15
  m_PreserveMeshAssetOnDestroy: 0
  assetGuid: 
  m_Mesh: {fileID: 0}
  m_IsSelectable: 1
  m_SelectedFaces: 
  m_SelectedEdges: []
  m_SelectedVertices: 
--- !u!33 &5570900989374287074
MeshFilter:
  m_ObjectHideFlags: 0
  m_CorrespondingSourceObject: {fileID: 0}
  m_PrefabInstance: {fileID: 0}
  m_PrefabAsset: {fileID: 0}
  m_GameObject: {fileID: 7438606727499120542}
  m_Mesh: {fileID: 0}
--- !u!64 &6315680074529751430
MeshCollider:
  m_ObjectHideFlags: 0
  m_CorrespondingSourceObject: {fileID: 0}
  m_PrefabInstance: {fileID: 0}
  m_PrefabAsset: {fileID: 0}
  m_GameObject: {fileID: 7438606727499120542}
  m_Material: {fileID: 0}
  m_IsTrigger: 0
  m_Enabled: 1
  serializedVersion: 3
  m_Convex: 0
  m_CookingOptions: 14
  m_Mesh: {fileID: 0}
--- !u!1 &7971576308337580672
GameObject:
  m_ObjectHideFlags: 0
  m_CorrespondingSourceObject: {fileID: 0}
  m_PrefabInstance: {fileID: 0}
  m_PrefabAsset: {fileID: 0}
  serializedVersion: 6
  m_Component:
  - component: {fileID: 3985975465424037644}
  - component: {fileID: 6889724629639367909}
  m_Layer: 0
  m_Name: Point Light
  m_TagString: Untagged
  m_Icon: {fileID: 0}
  m_NavMeshLayer: 0
  m_StaticEditorFlags: 0
  m_IsActive: 1
--- !u!4 &3985975465424037644
Transform:
  m_ObjectHideFlags: 0
  m_CorrespondingSourceObject: {fileID: 0}
  m_PrefabInstance: {fileID: 0}
  m_PrefabAsset: {fileID: 0}
  m_GameObject: {fileID: 7971576308337580672}
  m_LocalRotation: {x: 0, y: 0, z: 0, w: 1}
  m_LocalPosition: {x: 0.465, y: -0.21, z: -0.48}
  m_LocalScale: {x: 1, y: 1, z: 1}
  m_Children: []
  m_Father: {fileID: 2207867906040020202}
  m_RootOrder: 0
  m_LocalEulerAnglesHint: {x: 0, y: 0, z: 0}
--- !u!108 &6889724629639367909
Light:
  m_ObjectHideFlags: 0
  m_CorrespondingSourceObject: {fileID: 0}
  m_PrefabInstance: {fileID: 0}
  m_PrefabAsset: {fileID: 0}
  m_GameObject: {fileID: 7971576308337580672}
  m_Enabled: 1
  serializedVersion: 8
  m_Type: 2
  m_Color: {r: 1, g: 1, b: 1, a: 1}
  m_Intensity: 1
  m_Range: 10
  m_SpotAngle: 30
  m_CookieSize: 10
  m_Shadows:
    m_Type: 0
    m_Resolution: -1
    m_CustomResolution: -1
    m_Strength: 1
    m_Bias: 0.05
    m_NormalBias: 0.4
    m_NearPlane: 0.2
  m_Cookie: {fileID: 0}
  m_DrawHalo: 0
  m_Flare: {fileID: 0}
  m_RenderMode: 0
  m_CullingMask:
    serializedVersion: 2
    m_Bits: 4294967295
  m_Lightmapping: 4
  m_LightShadowCasterMode: 0
  m_AreaSize: {x: 1, y: 1}
  m_BounceIntensity: 1
  m_ColorTemperature: 6570
  m_UseColorTemperature: 0
  m_ShadowRadius: 0
  m_ShadowAngle: 0
--- !u!1001 &224003042703798313
PrefabInstance:
  m_ObjectHideFlags: 0
  serializedVersion: 2
  m_Modification:
    m_TransformParent: {fileID: 2207867906040020202}
    m_Modifications:
    - target: {fileID: 1307400699775274, guid: 733b32d61ca79314481a724862a9e104, type: 3}
      propertyPath: m_Name
      value: Street_Server
      objectReference: {fileID: 0}
    - target: {fileID: 4655993606175942, guid: 733b32d61ca79314481a724862a9e104, type: 3}
      propertyPath: m_LocalPosition.x
      value: 3.7719955
      objectReference: {fileID: 0}
    - target: {fileID: 4655993606175942, guid: 733b32d61ca79314481a724862a9e104, type: 3}
      propertyPath: m_LocalPosition.y
      value: 0.4571911
      objectReference: {fileID: 0}
    - target: {fileID: 4655993606175942, guid: 733b32d61ca79314481a724862a9e104, type: 3}
      propertyPath: m_LocalPosition.z
      value: 3.1729975
      objectReference: {fileID: 0}
    - target: {fileID: 4655993606175942, guid: 733b32d61ca79314481a724862a9e104, type: 3}
      propertyPath: m_LocalRotation.x
      value: 1
      objectReference: {fileID: 0}
    - target: {fileID: 4655993606175942, guid: 733b32d61ca79314481a724862a9e104, type: 3}
      propertyPath: m_LocalRotation.y
      value: -0
      objectReference: {fileID: 0}
    - target: {fileID: 4655993606175942, guid: 733b32d61ca79314481a724862a9e104, type: 3}
      propertyPath: m_LocalRotation.z
      value: -0
      objectReference: {fileID: 0}
    - target: {fileID: 4655993606175942, guid: 733b32d61ca79314481a724862a9e104, type: 3}
      propertyPath: m_LocalRotation.w
      value: 0.0000029504295
      objectReference: {fileID: 0}
    - target: {fileID: 4655993606175942, guid: 733b32d61ca79314481a724862a9e104, type: 3}
      propertyPath: m_RootOrder
      value: 15
      objectReference: {fileID: 0}
    - target: {fileID: 4655993606175942, guid: 733b32d61ca79314481a724862a9e104, type: 3}
      propertyPath: m_LocalEulerAnglesHint.x
      value: 0
      objectReference: {fileID: 0}
    - target: {fileID: 4655993606175942, guid: 733b32d61ca79314481a724862a9e104, type: 3}
      propertyPath: m_LocalEulerAnglesHint.y
      value: 0
      objectReference: {fileID: 0}
    - target: {fileID: 4655993606175942, guid: 733b32d61ca79314481a724862a9e104, type: 3}
      propertyPath: m_LocalEulerAnglesHint.z
      value: 0
      objectReference: {fileID: 0}
    - target: {fileID: 4655993606175942, guid: 733b32d61ca79314481a724862a9e104, type: 3}
      propertyPath: m_LocalScale.x
      value: 0.63844
      objectReference: {fileID: 0}
    - target: {fileID: 4655993606175942, guid: 733b32d61ca79314481a724862a9e104, type: 3}
      propertyPath: m_LocalScale.y
      value: 0.63844
      objectReference: {fileID: 0}
    - target: {fileID: 4655993606175942, guid: 733b32d61ca79314481a724862a9e104, type: 3}
      propertyPath: m_LocalScale.z
      value: 0.63844
      objectReference: {fileID: 0}
    m_RemovedComponents: []
  m_SourcePrefab: {fileID: 100100000, guid: 733b32d61ca79314481a724862a9e104, type: 3}
--- !u!4 &219369119861935343 stripped
Transform:
  m_CorrespondingSourceObject: {fileID: 4655993606175942, guid: 733b32d61ca79314481a724862a9e104,
    type: 3}
  m_PrefabInstance: {fileID: 224003042703798313}
  m_PrefabAsset: {fileID: 0}
--- !u!1001 &1204829147312854102
PrefabInstance:
  m_ObjectHideFlags: 0
  serializedVersion: 2
  m_Modification:
    m_TransformParent: {fileID: 2207867906040020202}
    m_Modifications:
    - target: {fileID: 1642261449637086, guid: 08e2238aa9f83d649ae215c839ba37f0, type: 3}
      propertyPath: m_Name
      value: Scaffolding_EL3 (3)
      objectReference: {fileID: 0}
    - target: {fileID: 4302420798044832, guid: 08e2238aa9f83d649ae215c839ba37f0, type: 3}
      propertyPath: m_LocalPosition.x
      value: -0.8975525
      objectReference: {fileID: 0}
    - target: {fileID: 4302420798044832, guid: 08e2238aa9f83d649ae215c839ba37f0, type: 3}
      propertyPath: m_LocalPosition.y
      value: 0.465
      objectReference: {fileID: 0}
    - target: {fileID: 4302420798044832, guid: 08e2238aa9f83d649ae215c839ba37f0, type: 3}
      propertyPath: m_LocalPosition.z
      value: -0.537
      objectReference: {fileID: 0}
    - target: {fileID: 4302420798044832, guid: 08e2238aa9f83d649ae215c839ba37f0, type: 3}
      propertyPath: m_LocalRotation.x
      value: 0.70709544
      objectReference: {fileID: 0}
    - target: {fileID: 4302420798044832, guid: 08e2238aa9f83d649ae215c839ba37f0, type: 3}
      propertyPath: m_LocalRotation.y
      value: -0.0041870303
      objectReference: {fileID: 0}
    - target: {fileID: 4302420798044832, guid: 08e2238aa9f83d649ae215c839ba37f0, type: 3}
      propertyPath: m_LocalRotation.z
      value: -0.70709336
      objectReference: {fileID: 0}
    - target: {fileID: 4302420798044832, guid: 08e2238aa9f83d649ae215c839ba37f0, type: 3}
      propertyPath: m_LocalRotation.w
      value: 0.0041870307
      objectReference: {fileID: 0}
    - target: {fileID: 4302420798044832, guid: 08e2238aa9f83d649ae215c839ba37f0, type: 3}
      propertyPath: m_RootOrder
      value: 4
      objectReference: {fileID: 0}
    - target: {fileID: 4302420798044832, guid: 08e2238aa9f83d649ae215c839ba37f0, type: 3}
      propertyPath: m_LocalEulerAnglesHint.x
      value: 0
      objectReference: {fileID: 0}
    - target: {fileID: 4302420798044832, guid: 08e2238aa9f83d649ae215c839ba37f0, type: 3}
      propertyPath: m_LocalEulerAnglesHint.y
      value: -90.00001
      objectReference: {fileID: 0}
    - target: {fileID: 4302420798044832, guid: 08e2238aa9f83d649ae215c839ba37f0, type: 3}
      propertyPath: m_LocalEulerAnglesHint.z
      value: 180.67899
      objectReference: {fileID: 0}
    - target: {fileID: 4302420798044832, guid: 08e2238aa9f83d649ae215c839ba37f0, type: 3}
      propertyPath: m_LocalScale.x
      value: 0.71521026
      objectReference: {fileID: 0}
    - target: {fileID: 4302420798044832, guid: 08e2238aa9f83d649ae215c839ba37f0, type: 3}
      propertyPath: m_LocalScale.y
      value: 0.7152101
      objectReference: {fileID: 0}
    - target: {fileID: 4302420798044832, guid: 08e2238aa9f83d649ae215c839ba37f0, type: 3}
      propertyPath: m_LocalScale.z
      value: 0.7152101
      objectReference: {fileID: 0}
    m_RemovedComponents: []
  m_SourcePrefab: {fileID: 100100000, guid: 08e2238aa9f83d649ae215c839ba37f0, type: 3}
--- !u!4 &1204467428911345398 stripped
Transform:
  m_CorrespondingSourceObject: {fileID: 4302420798044832, guid: 08e2238aa9f83d649ae215c839ba37f0,
    type: 3}
  m_PrefabInstance: {fileID: 1204829147312854102}
  m_PrefabAsset: {fileID: 0}
--- !u!1001 &1749093029643648493
PrefabInstance:
  m_ObjectHideFlags: 0
  serializedVersion: 2
  m_Modification:
    m_TransformParent: {fileID: 2207867906040020202}
    m_Modifications:
    - target: {fileID: 1649394769582844, guid: 5a192beb1b4b236428cee6cf1392c1eb, type: 3}
      propertyPath: m_Name
      value: Antenna_5B
      objectReference: {fileID: 0}
    - target: {fileID: 4999698619417306, guid: 5a192beb1b4b236428cee6cf1392c1eb, type: 3}
      propertyPath: m_LocalPosition.x
      value: 0.28969574
      objectReference: {fileID: 0}
    - target: {fileID: 4999698619417306, guid: 5a192beb1b4b236428cee6cf1392c1eb, type: 3}
      propertyPath: m_LocalPosition.y
      value: 0.913
      objectReference: {fileID: 0}
    - target: {fileID: 4999698619417306, guid: 5a192beb1b4b236428cee6cf1392c1eb, type: 3}
      propertyPath: m_LocalPosition.z
      value: -0.153
      objectReference: {fileID: 0}
    - target: {fileID: 4999698619417306, guid: 5a192beb1b4b236428cee6cf1392c1eb, type: 3}
      propertyPath: m_LocalRotation.x
      value: 0.0000025779007
      objectReference: {fileID: 0}
    - target: {fileID: 4999698619417306, guid: 5a192beb1b4b236428cee6cf1392c1eb, type: 3}
      propertyPath: m_LocalRotation.y
      value: 1
      objectReference: {fileID: 0}
    - target: {fileID: 4999698619417306, guid: 5a192beb1b4b236428cee6cf1392c1eb, type: 3}
      propertyPath: m_LocalRotation.z
      value: -0.0000029504295
      objectReference: {fileID: 0}
    - target: {fileID: 4999698619417306, guid: 5a192beb1b4b236428cee6cf1392c1eb, type: 3}
      propertyPath: m_LocalRotation.w
      value: 7.605914e-12
      objectReference: {fileID: 0}
    - target: {fileID: 4999698619417306, guid: 5a192beb1b4b236428cee6cf1392c1eb, type: 3}
      propertyPath: m_RootOrder
      value: 2
      objectReference: {fileID: 0}
    - target: {fileID: 4999698619417306, guid: 5a192beb1b4b236428cee6cf1392c1eb, type: 3}
      propertyPath: m_LocalEulerAnglesHint.x
      value: 0
      objectReference: {fileID: 0}
    - target: {fileID: 4999698619417306, guid: 5a192beb1b4b236428cee6cf1392c1eb, type: 3}
      propertyPath: m_LocalEulerAnglesHint.y
      value: 0
      objectReference: {fileID: 0}
    - target: {fileID: 4999698619417306, guid: 5a192beb1b4b236428cee6cf1392c1eb, type: 3}
      propertyPath: m_LocalEulerAnglesHint.z
      value: -180.00002
      objectReference: {fileID: 0}
    - target: {fileID: 4999698619417306, guid: 5a192beb1b4b236428cee6cf1392c1eb, type: 3}
      propertyPath: m_LocalScale.x
      value: 0.51659
      objectReference: {fileID: 0}
    - target: {fileID: 4999698619417306, guid: 5a192beb1b4b236428cee6cf1392c1eb, type: 3}
      propertyPath: m_LocalScale.y
      value: 0.51659
      objectReference: {fileID: 0}
    - target: {fileID: 4999698619417306, guid: 5a192beb1b4b236428cee6cf1392c1eb, type: 3}
      propertyPath: m_LocalScale.z
      value: 0.51659
      objectReference: {fileID: 0}
    m_RemovedComponents: []
  m_SourcePrefab: {fileID: 100100000, guid: 5a192beb1b4b236428cee6cf1392c1eb, type: 3}
--- !u!4 &1754088166873415479 stripped
Transform:
  m_CorrespondingSourceObject: {fileID: 4999698619417306, guid: 5a192beb1b4b236428cee6cf1392c1eb,
    type: 3}
  m_PrefabInstance: {fileID: 1749093029643648493}
  m_PrefabAsset: {fileID: 0}
--- !u!1001 &1819704471804316459
PrefabInstance:
  m_ObjectHideFlags: 0
  serializedVersion: 2
  m_Modification:
    m_TransformParent: {fileID: 2207867906040020202}
    m_Modifications:
    - target: {fileID: 1642261449637086, guid: 08e2238aa9f83d649ae215c839ba37f0, type: 3}
      propertyPath: m_Name
      value: Scaffolding_EL3 (6)
      objectReference: {fileID: 0}
    - target: {fileID: 4302420798044832, guid: 08e2238aa9f83d649ae215c839ba37f0, type: 3}
      propertyPath: m_LocalPosition.x
      value: 0.41244507
      objectReference: {fileID: 0}
    - target: {fileID: 4302420798044832, guid: 08e2238aa9f83d649ae215c839ba37f0, type: 3}
      propertyPath: m_LocalPosition.y
      value: 0.484
      objectReference: {fileID: 0}
    - target: {fileID: 4302420798044832, guid: 08e2238aa9f83d649ae215c839ba37f0, type: 3}
      propertyPath: m_LocalPosition.z
      value: 3.47
      objectReference: {fileID: 0}
    - target: {fileID: 4302420798044832, guid: 08e2238aa9f83d649ae215c839ba37f0, type: 3}
      propertyPath: m_LocalRotation.x
      value: 0.0000029528655
      objectReference: {fileID: 0}
    - target: {fileID: 4302420798044832, guid: 08e2238aa9f83d649ae215c839ba37f0, type: 3}
      propertyPath: m_LocalRotation.y
      value: -0.0000029528649
      objectReference: {fileID: 0}
    - target: {fileID: 4302420798044832, guid: 08e2238aa9f83d649ae215c839ba37f0, type: 3}
      propertyPath: m_LocalRotation.z
      value: -0.9999997
      objectReference: {fileID: 0}
    - target: {fileID: 4302420798044832, guid: 08e2238aa9f83d649ae215c839ba37f0, type: 3}
      propertyPath: m_LocalRotation.w
      value: -0.00082575704
      objectReference: {fileID: 0}
    - target: {fileID: 4302420798044832, guid: 08e2238aa9f83d649ae215c839ba37f0, type: 3}
      propertyPath: m_RootOrder
      value: 9
      objectReference: {fileID: 0}
    - target: {fileID: 4302420798044832, guid: 08e2238aa9f83d649ae215c839ba37f0, type: 3}
      propertyPath: m_LocalEulerAnglesHint.x
      value: -180
      objectReference: {fileID: 0}
    - target: {fileID: 4302420798044832, guid: 08e2238aa9f83d649ae215c839ba37f0, type: 3}
      propertyPath: m_LocalEulerAnglesHint.y
      value: -180
      objectReference: {fileID: 0}
    - target: {fileID: 4302420798044832, guid: 08e2238aa9f83d649ae215c839ba37f0, type: 3}
      propertyPath: m_LocalEulerAnglesHint.z
      value: -0.0949707
      objectReference: {fileID: 0}
    - target: {fileID: 4302420798044832, guid: 08e2238aa9f83d649ae215c839ba37f0, type: 3}
      propertyPath: m_LocalScale.x
      value: 0.71521014
      objectReference: {fileID: 0}
    - target: {fileID: 4302420798044832, guid: 08e2238aa9f83d649ae215c839ba37f0, type: 3}
      propertyPath: m_LocalScale.y
      value: 0.71521014
      objectReference: {fileID: 0}
    - target: {fileID: 4302420798044832, guid: 08e2238aa9f83d649ae215c839ba37f0, type: 3}
      propertyPath: m_LocalScale.z
      value: 0.71521
      objectReference: {fileID: 0}
    m_RemovedComponents: []
  m_SourcePrefab: {fileID: 100100000, guid: 08e2238aa9f83d649ae215c839ba37f0, type: 3}
--- !u!4 &1823863926895505803 stripped
Transform:
  m_CorrespondingSourceObject: {fileID: 4302420798044832, guid: 08e2238aa9f83d649ae215c839ba37f0,
    type: 3}
  m_PrefabInstance: {fileID: 1819704471804316459}
  m_PrefabAsset: {fileID: 0}
--- !u!1001 &2376732685410441818
PrefabInstance:
  m_ObjectHideFlags: 0
  serializedVersion: 2
  m_Modification:
    m_TransformParent: {fileID: 2207867906040020202}
    m_Modifications:
    - target: {fileID: 128002, guid: bb660abd3b29d9f44866fd79795dbca4, type: 3}
      propertyPath: m_Name
      value: bush05
      objectReference: {fileID: 0}
    - target: {fileID: 471410, guid: bb660abd3b29d9f44866fd79795dbca4, type: 3}
      propertyPath: m_LocalPosition.x
      value: 1.35
      objectReference: {fileID: 0}
    - target: {fileID: 471410, guid: bb660abd3b29d9f44866fd79795dbca4, type: 3}
      propertyPath: m_LocalPosition.y
      value: 0.5
      objectReference: {fileID: 0}
    - target: {fileID: 471410, guid: bb660abd3b29d9f44866fd79795dbca4, type: 3}
      propertyPath: m_LocalPosition.z
      value: 3.075
      objectReference: {fileID: 0}
    - target: {fileID: 471410, guid: bb660abd3b29d9f44866fd79795dbca4, type: 3}
      propertyPath: m_LocalRotation.x
      value: 1
      objectReference: {fileID: 0}
    - target: {fileID: 471410, guid: bb660abd3b29d9f44866fd79795dbca4, type: 3}
      propertyPath: m_LocalRotation.y
      value: -0
      objectReference: {fileID: 0}
    - target: {fileID: 471410, guid: bb660abd3b29d9f44866fd79795dbca4, type: 3}
      propertyPath: m_LocalRotation.z
      value: -0
      objectReference: {fileID: 0}
    - target: {fileID: 471410, guid: bb660abd3b29d9f44866fd79795dbca4, type: 3}
      propertyPath: m_LocalRotation.w
      value: 0.0000029504295
      objectReference: {fileID: 0}
    - target: {fileID: 471410, guid: bb660abd3b29d9f44866fd79795dbca4, type: 3}
      propertyPath: m_RootOrder
      value: 7
      objectReference: {fileID: 0}
    - target: {fileID: 471410, guid: bb660abd3b29d9f44866fd79795dbca4, type: 3}
      propertyPath: m_LocalEulerAnglesHint.x
      value: 0
      objectReference: {fileID: 0}
    - target: {fileID: 471410, guid: bb660abd3b29d9f44866fd79795dbca4, type: 3}
      propertyPath: m_LocalEulerAnglesHint.y
      value: 0
      objectReference: {fileID: 0}
    - target: {fileID: 471410, guid: bb660abd3b29d9f44866fd79795dbca4, type: 3}
      propertyPath: m_LocalEulerAnglesHint.z
      value: 0
      objectReference: {fileID: 0}
    m_RemovedComponents: []
  m_SourcePrefab: {fileID: 100100000, guid: bb660abd3b29d9f44866fd79795dbca4, type: 3}
--- !u!4 &2376732685410511656 stripped
Transform:
  m_CorrespondingSourceObject: {fileID: 471410, guid: bb660abd3b29d9f44866fd79795dbca4,
    type: 3}
  m_PrefabInstance: {fileID: 2376732685410441818}
  m_PrefabAsset: {fileID: 0}
--- !u!1001 &2456174530255681577
PrefabInstance:
  m_ObjectHideFlags: 0
  serializedVersion: 2
  m_Modification:
    m_TransformParent: {fileID: 2207867906040020202}
    m_Modifications:
    - target: {fileID: 1642261449637086, guid: 08e2238aa9f83d649ae215c839ba37f0, type: 3}
      propertyPath: m_Name
      value: Scaffolding_EL3 (2)
      objectReference: {fileID: 0}
    - target: {fileID: 4302420798044832, guid: 08e2238aa9f83d649ae215c839ba37f0, type: 3}
      propertyPath: m_LocalPosition.x
      value: 0.41244507
      objectReference: {fileID: 0}
    - target: {fileID: 4302420798044832, guid: 08e2238aa9f83d649ae215c839ba37f0, type: 3}
      propertyPath: m_LocalPosition.y
      value: 0.35441643
      objectReference: {fileID: 0}
    - target: {fileID: 4302420798044832, guid: 08e2238aa9f83d649ae215c839ba37f0, type: 3}
      propertyPath: m_LocalPosition.z
      value: -1.8470862
      objectReference: {fileID: 0}
    - target: {fileID: 4302420798044832, guid: 08e2238aa9f83d649ae215c839ba37f0, type: 3}
      propertyPath: m_LocalRotation.x
      value: 0.0000030039453
      objectReference: {fileID: 0}
    - target: {fileID: 4302420798044832, guid: 08e2238aa9f83d649ae215c839ba37f0, type: 3}
      propertyPath: m_LocalRotation.y
      value: -0.0000030039444
      objectReference: {fileID: 0}
    - target: {fileID: 4302420798044832, guid: 08e2238aa9f83d649ae215c839ba37f0, type: 3}
      propertyPath: m_LocalRotation.z
      value: -0.99983245
      objectReference: {fileID: 0}
    - target: {fileID: 4302420798044832, guid: 08e2238aa9f83d649ae215c839ba37f0, type: 3}
      propertyPath: m_LocalRotation.w
      value: -0.018305596
      objectReference: {fileID: 0}
    - target: {fileID: 4302420798044832, guid: 08e2238aa9f83d649ae215c839ba37f0, type: 3}
      propertyPath: m_RootOrder
      value: 1
      objectReference: {fileID: 0}
    - target: {fileID: 4302420798044832, guid: 08e2238aa9f83d649ae215c839ba37f0, type: 3}
      propertyPath: m_LocalEulerAnglesHint.x
      value: -180
      objectReference: {fileID: 0}
    - target: {fileID: 4302420798044832, guid: 08e2238aa9f83d649ae215c839ba37f0, type: 3}
      propertyPath: m_LocalEulerAnglesHint.y
      value: -180
      objectReference: {fileID: 0}
    - target: {fileID: 4302420798044832, guid: 08e2238aa9f83d649ae215c839ba37f0, type: 3}
      propertyPath: m_LocalEulerAnglesHint.z
      value: -2.097992
      objectReference: {fileID: 0}
    - target: {fileID: 4302420798044832, guid: 08e2238aa9f83d649ae215c839ba37f0, type: 3}
      propertyPath: m_LocalScale.x
      value: 0.71521014
      objectReference: {fileID: 0}
    - target: {fileID: 4302420798044832, guid: 08e2238aa9f83d649ae215c839ba37f0, type: 3}
      propertyPath: m_LocalScale.y
      value: 0.71521014
      objectReference: {fileID: 0}
    - target: {fileID: 4302420798044832, guid: 08e2238aa9f83d649ae215c839ba37f0, type: 3}
      propertyPath: m_LocalScale.z
      value: 0.71521
      objectReference: {fileID: 0}
    m_RemovedComponents: []
  m_SourcePrefab: {fileID: 100100000, guid: 08e2238aa9f83d649ae215c839ba37f0, type: 3}
--- !u!4 &2457097049952682633 stripped
Transform:
  m_CorrespondingSourceObject: {fileID: 4302420798044832, guid: 08e2238aa9f83d649ae215c839ba37f0,
    type: 3}
  m_PrefabInstance: {fileID: 2456174530255681577}
  m_PrefabAsset: {fileID: 0}
--- !u!1001 &2526968837078390604
PrefabInstance:
  m_ObjectHideFlags: 0
  serializedVersion: 2
  m_Modification:
    m_TransformParent: {fileID: 2207867906040020202}
    m_Modifications:
    - target: {fileID: 1642261449637086, guid: 08e2238aa9f83d649ae215c839ba37f0, type: 3}
      propertyPath: m_Name
      value: Scaffolding_EL3 (5)
      objectReference: {fileID: 0}
    - target: {fileID: 4302420798044832, guid: 08e2238aa9f83d649ae215c839ba37f0, type: 3}
      propertyPath: m_LocalPosition.x
      value: 3.184
      objectReference: {fileID: 0}
    - target: {fileID: 4302420798044832, guid: 08e2238aa9f83d649ae215c839ba37f0, type: 3}
      propertyPath: m_LocalPosition.y
      value: 0.335
      objectReference: {fileID: 0}
    - target: {fileID: 4302420798044832, guid: 08e2238aa9f83d649ae215c839ba37f0, type: 3}
      propertyPath: m_LocalPosition.z
      value: -1.847
      objectReference: {fileID: 0}
    - target: {fileID: 4302420798044832, guid: 08e2238aa9f83d649ae215c839ba37f0, type: 3}
      propertyPath: m_LocalRotation.x
      value: 0.0000029222247
      objectReference: {fileID: 0}
    - target: {fileID: 4302420798044832, guid: 08e2238aa9f83d649ae215c839ba37f0, type: 3}
      propertyPath: m_LocalRotation.y
      value: -0.0000029222226
      objectReference: {fileID: 0}
    - target: {fileID: 4302420798044832, guid: 08e2238aa9f83d649ae215c839ba37f0, type: 3}
      propertyPath: m_LocalRotation.z
      value: -0.99995476
      objectReference: {fileID: 0}
    - target: {fileID: 4302420798044832, guid: 08e2238aa9f83d649ae215c839ba37f0, type: 3}
      propertyPath: m_LocalRotation.w
      value: 0.00951489
      objectReference: {fileID: 0}
    - target: {fileID: 4302420798044832, guid: 08e2238aa9f83d649ae215c839ba37f0, type: 3}
      propertyPath: m_RootOrder
      value: 12
      objectReference: {fileID: 0}
    - target: {fileID: 4302420798044832, guid: 08e2238aa9f83d649ae215c839ba37f0, type: 3}
      propertyPath: m_LocalEulerAnglesHint.x
      value: -180
      objectReference: {fileID: 0}
    - target: {fileID: 4302420798044832, guid: 08e2238aa9f83d649ae215c839ba37f0, type: 3}
      propertyPath: m_LocalEulerAnglesHint.y
      value: -180
      objectReference: {fileID: 0}
    - target: {fileID: 4302420798044832, guid: 08e2238aa9f83d649ae215c839ba37f0, type: 3}
      propertyPath: m_LocalEulerAnglesHint.z
      value: 1.0899963
      objectReference: {fileID: 0}
    - target: {fileID: 4302420798044832, guid: 08e2238aa9f83d649ae215c839ba37f0, type: 3}
      propertyPath: m_LocalScale.x
      value: 0.71521014
      objectReference: {fileID: 0}
    - target: {fileID: 4302420798044832, guid: 08e2238aa9f83d649ae215c839ba37f0, type: 3}
      propertyPath: m_LocalScale.y
      value: 0.71521014
      objectReference: {fileID: 0}
    - target: {fileID: 4302420798044832, guid: 08e2238aa9f83d649ae215c839ba37f0, type: 3}
      propertyPath: m_LocalScale.z
      value: 0.71521
      objectReference: {fileID: 0}
    m_RemovedComponents: []
  m_SourcePrefab: {fileID: 100100000, guid: 08e2238aa9f83d649ae215c839ba37f0, type: 3}
--- !u!4 &2530690679095258604 stripped
Transform:
  m_CorrespondingSourceObject: {fileID: 4302420798044832, guid: 08e2238aa9f83d649ae215c839ba37f0,
    type: 3}
  m_PrefabInstance: {fileID: 2526968837078390604}
  m_PrefabAsset: {fileID: 0}
--- !u!1001 &2855601664486092307
PrefabInstance:
  m_ObjectHideFlags: 0
  serializedVersion: 2
  m_Modification:
    m_TransformParent: {fileID: 2207867906040020202}
    m_Modifications:
    - target: {fileID: 108544, guid: d638ef2ca2fe20c4c9c08e125692d3f4, type: 3}
      propertyPath: m_Name
      value: bush01 (2)
      objectReference: {fileID: 0}
    - target: {fileID: 472700, guid: d638ef2ca2fe20c4c9c08e125692d3f4, type: 3}
      propertyPath: m_LocalPosition.x
      value: -0.651
      objectReference: {fileID: 0}
    - target: {fileID: 472700, guid: d638ef2ca2fe20c4c9c08e125692d3f4, type: 3}
      propertyPath: m_LocalPosition.y
      value: 0.628
      objectReference: {fileID: 0}
    - target: {fileID: 472700, guid: d638ef2ca2fe20c4c9c08e125692d3f4, type: 3}
      propertyPath: m_LocalPosition.z
      value: -1.498
      objectReference: {fileID: 0}
    - target: {fileID: 472700, guid: d638ef2ca2fe20c4c9c08e125692d3f4, type: 3}
      propertyPath: m_LocalRotation.x
      value: 1
      objectReference: {fileID: 0}
    - target: {fileID: 472700, guid: d638ef2ca2fe20c4c9c08e125692d3f4, type: 3}
      propertyPath: m_LocalRotation.y
      value: -0
      objectReference: {fileID: 0}
    - target: {fileID: 472700, guid: d638ef2ca2fe20c4c9c08e125692d3f4, type: 3}
      propertyPath: m_LocalRotation.z
      value: -0
      objectReference: {fileID: 0}
    - target: {fileID: 472700, guid: d638ef2ca2fe20c4c9c08e125692d3f4, type: 3}
      propertyPath: m_LocalRotation.w
      value: 0.0000029504295
      objectReference: {fileID: 0}
    - target: {fileID: 472700, guid: d638ef2ca2fe20c4c9c08e125692d3f4, type: 3}
      propertyPath: m_RootOrder
      value: 6
      objectReference: {fileID: 0}
    - target: {fileID: 472700, guid: d638ef2ca2fe20c4c9c08e125692d3f4, type: 3}
      propertyPath: m_LocalEulerAnglesHint.x
      value: 0
      objectReference: {fileID: 0}
    - target: {fileID: 472700, guid: d638ef2ca2fe20c4c9c08e125692d3f4, type: 3}
      propertyPath: m_LocalEulerAnglesHint.y
      value: 0
      objectReference: {fileID: 0}
    - target: {fileID: 472700, guid: d638ef2ca2fe20c4c9c08e125692d3f4, type: 3}
      propertyPath: m_LocalEulerAnglesHint.z
      value: 0
      objectReference: {fileID: 0}
    m_RemovedComponents: []
  m_SourcePrefab: {fileID: 100100000, guid: d638ef2ca2fe20c4c9c08e125692d3f4, type: 3}
--- !u!4 &2855601664485890159 stripped
Transform:
  m_CorrespondingSourceObject: {fileID: 472700, guid: d638ef2ca2fe20c4c9c08e125692d3f4,
    type: 3}
  m_PrefabInstance: {fileID: 2855601664486092307}
  m_PrefabAsset: {fileID: 0}
--- !u!1001 &3184279959357338124
PrefabInstance:
  m_ObjectHideFlags: 0
  serializedVersion: 2
  m_Modification:
    m_TransformParent: {fileID: 2207867906040020202}
    m_Modifications:
    - target: {fileID: 1642261449637086, guid: 08e2238aa9f83d649ae215c839ba37f0, type: 3}
      propertyPath: m_Name
      value: Scaffolding_EL3 (8)
      objectReference: {fileID: 0}
    - target: {fileID: 4302420798044832, guid: 08e2238aa9f83d649ae215c839ba37f0, type: 3}
      propertyPath: m_LocalPosition.x
      value: 4.467
      objectReference: {fileID: 0}
    - target: {fileID: 4302420798044832, guid: 08e2238aa9f83d649ae215c839ba37f0, type: 3}
      propertyPath: m_LocalPosition.y
      value: 0.432
      objectReference: {fileID: 0}
    - target: {fileID: 4302420798044832, guid: 08e2238aa9f83d649ae215c839ba37f0, type: 3}
      propertyPath: m_LocalPosition.z
      value: 2.147
      objectReference: {fileID: 0}
    - target: {fileID: 4302420798044832, guid: 08e2238aa9f83d649ae215c839ba37f0, type: 3}
      propertyPath: m_LocalRotation.x
      value: 0.7070982
      objectReference: {fileID: 0}
    - target: {fileID: 4302420798044832, guid: 08e2238aa9f83d649ae215c839ba37f0, type: 3}
      propertyPath: m_LocalRotation.y
      value: 0.0036965022
      objectReference: {fileID: 0}
    - target: {fileID: 4302420798044832, guid: 08e2238aa9f83d649ae215c839ba37f0, type: 3}
      propertyPath: m_LocalRotation.z
      value: -0.7070961
      objectReference: {fileID: 0}
    - target: {fileID: 4302420798044832, guid: 08e2238aa9f83d649ae215c839ba37f0, type: 3}
      propertyPath: m_LocalRotation.w
      value: -0.003696525
      objectReference: {fileID: 0}
    - target: {fileID: 4302420798044832, guid: 08e2238aa9f83d649ae215c839ba37f0, type: 3}
      propertyPath: m_RootOrder
      value: 13
      objectReference: {fileID: 0}
    - target: {fileID: 4302420798044832, guid: 08e2238aa9f83d649ae215c839ba37f0, type: 3}
      propertyPath: m_LocalEulerAnglesHint.x
      value: 0
      objectReference: {fileID: 0}
    - target: {fileID: 4302420798044832, guid: 08e2238aa9f83d649ae215c839ba37f0, type: 3}
      propertyPath: m_LocalEulerAnglesHint.y
      value: -90.00001
      objectReference: {fileID: 0}
    - target: {fileID: 4302420798044832, guid: 08e2238aa9f83d649ae215c839ba37f0, type: 3}
      propertyPath: m_LocalEulerAnglesHint.z
      value: 179.401
      objectReference: {fileID: 0}
    - target: {fileID: 4302420798044832, guid: 08e2238aa9f83d649ae215c839ba37f0, type: 3}
      propertyPath: m_LocalScale.x
      value: 0.71521026
      objectReference: {fileID: 0}
    - target: {fileID: 4302420798044832, guid: 08e2238aa9f83d649ae215c839ba37f0, type: 3}
      propertyPath: m_LocalScale.y
      value: 0.7152101
      objectReference: {fileID: 0}
    - target: {fileID: 4302420798044832, guid: 08e2238aa9f83d649ae215c839ba37f0, type: 3}
      propertyPath: m_LocalScale.z
      value: 0.7152101
      objectReference: {fileID: 0}
    m_RemovedComponents: []
  m_SourcePrefab: {fileID: 100100000, guid: 08e2238aa9f83d649ae215c839ba37f0, type: 3}
--- !u!4 &3188439443567855788 stripped
Transform:
  m_CorrespondingSourceObject: {fileID: 4302420798044832, guid: 08e2238aa9f83d649ae215c839ba37f0,
    type: 3}
  m_PrefabInstance: {fileID: 3184279959357338124}
  m_PrefabAsset: {fileID: 0}
--- !u!1001 &3286445944797630372
PrefabInstance:
  m_ObjectHideFlags: 0
  serializedVersion: 2
  m_Modification:
    m_TransformParent: {fileID: 2207867906040020202}
    m_Modifications:
    - target: {fileID: 1642261449637086, guid: 08e2238aa9f83d649ae215c839ba37f0, type: 3}
      propertyPath: m_Name
      value: Scaffolding_EL3 (9)
      objectReference: {fileID: 0}
    - target: {fileID: 4302420798044832, guid: 08e2238aa9f83d649ae215c839ba37f0, type: 3}
      propertyPath: m_LocalPosition.x
      value: 4.467
      objectReference: {fileID: 0}
    - target: {fileID: 4302420798044832, guid: 08e2238aa9f83d649ae215c839ba37f0, type: 3}
      propertyPath: m_LocalPosition.y
      value: 0.414
      objectReference: {fileID: 0}
    - target: {fileID: 4302420798044832, guid: 08e2238aa9f83d649ae215c839ba37f0, type: 3}
      propertyPath: m_LocalPosition.z
      value: -0.518
      objectReference: {fileID: 0}
    - target: {fileID: 4302420798044832, guid: 08e2238aa9f83d649ae215c839ba37f0, type: 3}
      propertyPath: m_LocalRotation.x
      value: 0.70700294
      objectReference: {fileID: 0}
    - target: {fileID: 4302420798044832, guid: 08e2238aa9f83d649ae215c839ba37f0, type: 3}
      propertyPath: m_LocalRotation.y
      value: -0.012180183
      objectReference: {fileID: 0}
    - target: {fileID: 4302420798044832, guid: 08e2238aa9f83d649ae215c839ba37f0, type: 3}
      propertyPath: m_LocalRotation.z
      value: -0.70700085
      objectReference: {fileID: 0}
    - target: {fileID: 4302420798044832, guid: 08e2238aa9f83d649ae215c839ba37f0, type: 3}
      propertyPath: m_LocalRotation.w
      value: 0.012180208
      objectReference: {fileID: 0}
    - target: {fileID: 4302420798044832, guid: 08e2238aa9f83d649ae215c839ba37f0, type: 3}
      propertyPath: m_RootOrder
      value: 14
      objectReference: {fileID: 0}
    - target: {fileID: 4302420798044832, guid: 08e2238aa9f83d649ae215c839ba37f0, type: 3}
      propertyPath: m_LocalEulerAnglesHint.x
      value: 0
      objectReference: {fileID: 0}
    - target: {fileID: 4302420798044832, guid: 08e2238aa9f83d649ae215c839ba37f0, type: 3}
      propertyPath: m_LocalEulerAnglesHint.y
      value: -90.00001
      objectReference: {fileID: 0}
    - target: {fileID: 4302420798044832, guid: 08e2238aa9f83d649ae215c839ba37f0, type: 3}
      propertyPath: m_LocalEulerAnglesHint.z
      value: 181.974
      objectReference: {fileID: 0}
    - target: {fileID: 4302420798044832, guid: 08e2238aa9f83d649ae215c839ba37f0, type: 3}
      propertyPath: m_LocalScale.x
      value: 0.71521026
      objectReference: {fileID: 0}
    - target: {fileID: 4302420798044832, guid: 08e2238aa9f83d649ae215c839ba37f0, type: 3}
      propertyPath: m_LocalScale.y
      value: 0.7152101
      objectReference: {fileID: 0}
    - target: {fileID: 4302420798044832, guid: 08e2238aa9f83d649ae215c839ba37f0, type: 3}
      propertyPath: m_LocalScale.z
      value: 0.7152101
      objectReference: {fileID: 0}
    m_RemovedComponents: []
  m_SourcePrefab: {fileID: 100100000, guid: 08e2238aa9f83d649ae215c839ba37f0, type: 3}
--- !u!4 &3284395351942427908 stripped
Transform:
  m_CorrespondingSourceObject: {fileID: 4302420798044832, guid: 08e2238aa9f83d649ae215c839ba37f0,
    type: 3}
  m_PrefabInstance: {fileID: 3286445944797630372}
  m_PrefabAsset: {fileID: 0}
--- !u!1001 &4749108184601019171
PrefabInstance:
  m_ObjectHideFlags: 0
  serializedVersion: 2
  m_Modification:
    m_TransformParent: {fileID: 2207867906040020202}
    m_Modifications:
    - target: {fileID: 1642261449637086, guid: 08e2238aa9f83d649ae215c839ba37f0, type: 3}
      propertyPath: m_Name
      value: Scaffolding_EL3 (4)
      objectReference: {fileID: 0}
    - target: {fileID: 4302420798044832, guid: 08e2238aa9f83d649ae215c839ba37f0, type: 3}
      propertyPath: m_LocalPosition.x
      value: -0.8975525
      objectReference: {fileID: 0}
    - target: {fileID: 4302420798044832, guid: 08e2238aa9f83d649ae215c839ba37f0, type: 3}
      propertyPath: m_LocalPosition.y
      value: 0.465
      objectReference: {fileID: 0}
    - target: {fileID: 4302420798044832, guid: 08e2238aa9f83d649ae215c839ba37f0, type: 3}
      propertyPath: m_LocalPosition.z
      value: 2.147
      objectReference: {fileID: 0}
    - target: {fileID: 4302420798044832, guid: 08e2238aa9f83d649ae215c839ba37f0, type: 3}
      propertyPath: m_LocalRotation.x
      value: 0.7070982
      objectReference: {fileID: 0}
    - target: {fileID: 4302420798044832, guid: 08e2238aa9f83d649ae215c839ba37f0, type: 3}
      propertyPath: m_LocalRotation.y
      value: 0.0036965022
      objectReference: {fileID: 0}
    - target: {fileID: 4302420798044832, guid: 08e2238aa9f83d649ae215c839ba37f0, type: 3}
      propertyPath: m_LocalRotation.z
      value: -0.7070961
      objectReference: {fileID: 0}
    - target: {fileID: 4302420798044832, guid: 08e2238aa9f83d649ae215c839ba37f0, type: 3}
      propertyPath: m_LocalRotation.w
      value: -0.003696525
      objectReference: {fileID: 0}
    - target: {fileID: 4302420798044832, guid: 08e2238aa9f83d649ae215c839ba37f0, type: 3}
      propertyPath: m_RootOrder
      value: 8
      objectReference: {fileID: 0}
    - target: {fileID: 4302420798044832, guid: 08e2238aa9f83d649ae215c839ba37f0, type: 3}
      propertyPath: m_LocalEulerAnglesHint.x
      value: 0
      objectReference: {fileID: 0}
    - target: {fileID: 4302420798044832, guid: 08e2238aa9f83d649ae215c839ba37f0, type: 3}
      propertyPath: m_LocalEulerAnglesHint.y
      value: -90.00001
      objectReference: {fileID: 0}
    - target: {fileID: 4302420798044832, guid: 08e2238aa9f83d649ae215c839ba37f0, type: 3}
      propertyPath: m_LocalEulerAnglesHint.z
      value: 179.401
      objectReference: {fileID: 0}
    - target: {fileID: 4302420798044832, guid: 08e2238aa9f83d649ae215c839ba37f0, type: 3}
      propertyPath: m_LocalScale.x
      value: 0.71521026
      objectReference: {fileID: 0}
    - target: {fileID: 4302420798044832, guid: 08e2238aa9f83d649ae215c839ba37f0, type: 3}
      propertyPath: m_LocalScale.y
      value: 0.7152101
      objectReference: {fileID: 0}
    - target: {fileID: 4302420798044832, guid: 08e2238aa9f83d649ae215c839ba37f0, type: 3}
      propertyPath: m_LocalScale.z
      value: 0.7152101
      objectReference: {fileID: 0}
    m_RemovedComponents: []
  m_SourcePrefab: {fileID: 100100000, guid: 08e2238aa9f83d649ae215c839ba37f0, type: 3}
--- !u!4 &4748889384359311747 stripped
Transform:
  m_CorrespondingSourceObject: {fileID: 4302420798044832, guid: 08e2238aa9f83d649ae215c839ba37f0,
    type: 3}
  m_PrefabInstance: {fileID: 4749108184601019171}
  m_PrefabAsset: {fileID: 0}
--- !u!1001 &5322365986744530973
PrefabInstance:
  m_ObjectHideFlags: 0
  serializedVersion: 2
  m_Modification:
    m_TransformParent: {fileID: 2207867906040020202}
    m_Modifications:
    - target: {fileID: 108544, guid: d638ef2ca2fe20c4c9c08e125692d3f4, type: 3}
      propertyPath: m_Name
      value: bush01 (1)
      objectReference: {fileID: 0}
    - target: {fileID: 472700, guid: d638ef2ca2fe20c4c9c08e125692d3f4, type: 3}
      propertyPath: m_LocalPosition.x
      value: -0.729
      objectReference: {fileID: 0}
    - target: {fileID: 472700, guid: d638ef2ca2fe20c4c9c08e125692d3f4, type: 3}
      propertyPath: m_LocalPosition.y
      value: 0.628
      objectReference: {fileID: 0}
    - target: {fileID: 472700, guid: d638ef2ca2fe20c4c9c08e125692d3f4, type: 3}
      propertyPath: m_LocalPosition.z
      value: 0.415
      objectReference: {fileID: 0}
    - target: {fileID: 472700, guid: d638ef2ca2fe20c4c9c08e125692d3f4, type: 3}
      propertyPath: m_LocalRotation.x
      value: 1
      objectReference: {fileID: 0}
    - target: {fileID: 472700, guid: d638ef2ca2fe20c4c9c08e125692d3f4, type: 3}
      propertyPath: m_LocalRotation.y
      value: -0
      objectReference: {fileID: 0}
    - target: {fileID: 472700, guid: d638ef2ca2fe20c4c9c08e125692d3f4, type: 3}
      propertyPath: m_LocalRotation.z
      value: -0
      objectReference: {fileID: 0}
    - target: {fileID: 472700, guid: d638ef2ca2fe20c4c9c08e125692d3f4, type: 3}
      propertyPath: m_LocalRotation.w
      value: 0.0000029504295
      objectReference: {fileID: 0}
    - target: {fileID: 472700, guid: d638ef2ca2fe20c4c9c08e125692d3f4, type: 3}
      propertyPath: m_RootOrder
      value: 5
      objectReference: {fileID: 0}
    - target: {fileID: 472700, guid: d638ef2ca2fe20c4c9c08e125692d3f4, type: 3}
      propertyPath: m_LocalEulerAnglesHint.x
      value: 0
      objectReference: {fileID: 0}
    - target: {fileID: 472700, guid: d638ef2ca2fe20c4c9c08e125692d3f4, type: 3}
      propertyPath: m_LocalEulerAnglesHint.y
      value: 0
      objectReference: {fileID: 0}
    - target: {fileID: 472700, guid: d638ef2ca2fe20c4c9c08e125692d3f4, type: 3}
      propertyPath: m_LocalEulerAnglesHint.z
      value: 0
      objectReference: {fileID: 0}
    m_RemovedComponents: []
  m_SourcePrefab: {fileID: 100100000, guid: d638ef2ca2fe20c4c9c08e125692d3f4, type: 3}
--- !u!4 &5322365986744061537 stripped
Transform:
  m_CorrespondingSourceObject: {fileID: 472700, guid: d638ef2ca2fe20c4c9c08e125692d3f4,
    type: 3}
  m_PrefabInstance: {fileID: 5322365986744530973}
  m_PrefabAsset: {fileID: 0}
--- !u!1001 &5572820292101191509
PrefabInstance:
  m_ObjectHideFlags: 0
  serializedVersion: 2
  m_Modification:
    m_TransformParent: {fileID: 2207867906040020202}
    m_Modifications:
    - target: {fileID: 1642261449637086, guid: 08e2238aa9f83d649ae215c839ba37f0, type: 3}
      propertyPath: m_Name
      value: Scaffolding_EL3 (7)
      objectReference: {fileID: 0}
    - target: {fileID: 4302420798044832, guid: 08e2238aa9f83d649ae215c839ba37f0, type: 3}
      propertyPath: m_LocalPosition.x
      value: 3.12
      objectReference: {fileID: 0}
    - target: {fileID: 4302420798044832, guid: 08e2238aa9f83d649ae215c839ba37f0, type: 3}
      propertyPath: m_LocalPosition.y
      value: 0.484
      objectReference: {fileID: 0}
    - target: {fileID: 4302420798044832, guid: 08e2238aa9f83d649ae215c839ba37f0, type: 3}
      propertyPath: m_LocalPosition.z
      value: 3.47
      objectReference: {fileID: 0}
    - target: {fileID: 4302420798044832, guid: 08e2238aa9f83d649ae215c839ba37f0, type: 3}
      propertyPath: m_LocalRotation.x
      value: 0.0000029528655
      objectReference: {fileID: 0}
    - target: {fileID: 4302420798044832, guid: 08e2238aa9f83d649ae215c839ba37f0, type: 3}
      propertyPath: m_LocalRotation.y
      value: -0.0000029528649
      objectReference: {fileID: 0}
    - target: {fileID: 4302420798044832, guid: 08e2238aa9f83d649ae215c839ba37f0, type: 3}
      propertyPath: m_LocalRotation.z
      value: -0.9999997
      objectReference: {fileID: 0}
    - target: {fileID: 4302420798044832, guid: 08e2238aa9f83d649ae215c839ba37f0, type: 3}
      propertyPath: m_LocalRotation.w
      value: -0.00082575704
      objectReference: {fileID: 0}
    - target: {fileID: 4302420798044832, guid: 08e2238aa9f83d649ae215c839ba37f0, type: 3}
      propertyPath: m_RootOrder
      value: 11
      objectReference: {fileID: 0}
    - target: {fileID: 4302420798044832, guid: 08e2238aa9f83d649ae215c839ba37f0, type: 3}
      propertyPath: m_LocalEulerAnglesHint.x
      value: -180
      objectReference: {fileID: 0}
    - target: {fileID: 4302420798044832, guid: 08e2238aa9f83d649ae215c839ba37f0, type: 3}
      propertyPath: m_LocalEulerAnglesHint.y
      value: -180
      objectReference: {fileID: 0}
    - target: {fileID: 4302420798044832, guid: 08e2238aa9f83d649ae215c839ba37f0, type: 3}
      propertyPath: m_LocalEulerAnglesHint.z
      value: -0.0949707
      objectReference: {fileID: 0}
    - target: {fileID: 4302420798044832, guid: 08e2238aa9f83d649ae215c839ba37f0, type: 3}
      propertyPath: m_LocalScale.x
      value: 0.71521014
      objectReference: {fileID: 0}
    - target: {fileID: 4302420798044832, guid: 08e2238aa9f83d649ae215c839ba37f0, type: 3}
      propertyPath: m_LocalScale.y
      value: 0.71521014
      objectReference: {fileID: 0}
    - target: {fileID: 4302420798044832, guid: 08e2238aa9f83d649ae215c839ba37f0, type: 3}
      propertyPath: m_LocalScale.z
      value: 0.71521
      objectReference: {fileID: 0}
    m_RemovedComponents: []
  m_SourcePrefab: {fileID: 100100000, guid: 08e2238aa9f83d649ae215c839ba37f0, type: 3}
--- !u!4 &5573744952939171317 stripped
Transform:
  m_CorrespondingSourceObject: {fileID: 4302420798044832, guid: 08e2238aa9f83d649ae215c839ba37f0,
    type: 3}
  m_PrefabInstance: {fileID: 5572820292101191509}
  m_PrefabAsset: {fileID: 0}
--- !u!1001 &7943166334556475149
PrefabInstance:
  m_ObjectHideFlags: 0
  serializedVersion: 2
  m_Modification:
    m_TransformParent: {fileID: 2207867906040020202}
    m_Modifications:
    - target: {fileID: 128002, guid: bb660abd3b29d9f44866fd79795dbca4, type: 3}
      propertyPath: m_Name
      value: bush05 (1)
      objectReference: {fileID: 0}
    - target: {fileID: 471410, guid: bb660abd3b29d9f44866fd79795dbca4, type: 3}
      propertyPath: m_LocalPosition.x
      value: -0.65
      objectReference: {fileID: 0}
    - target: {fileID: 471410, guid: bb660abd3b29d9f44866fd79795dbca4, type: 3}
      propertyPath: m_LocalPosition.y
      value: 0.5
      objectReference: {fileID: 0}
    - target: {fileID: 471410, guid: bb660abd3b29d9f44866fd79795dbca4, type: 3}
      propertyPath: m_LocalPosition.z
      value: 3.075
      objectReference: {fileID: 0}
    - target: {fileID: 471410, guid: bb660abd3b29d9f44866fd79795dbca4, type: 3}
      propertyPath: m_LocalRotation.x
      value: 1
      objectReference: {fileID: 0}
    - target: {fileID: 471410, guid: bb660abd3b29d9f44866fd79795dbca4, type: 3}
      propertyPath: m_LocalRotation.y
      value: -0
      objectReference: {fileID: 0}
    - target: {fileID: 471410, guid: bb660abd3b29d9f44866fd79795dbca4, type: 3}
      propertyPath: m_LocalRotation.z
      value: -0
      objectReference: {fileID: 0}
    - target: {fileID: 471410, guid: bb660abd3b29d9f44866fd79795dbca4, type: 3}
      propertyPath: m_LocalRotation.w
      value: 0.0000029504295
      objectReference: {fileID: 0}
    - target: {fileID: 471410, guid: bb660abd3b29d9f44866fd79795dbca4, type: 3}
      propertyPath: m_RootOrder
      value: 10
      objectReference: {fileID: 0}
    - target: {fileID: 471410, guid: bb660abd3b29d9f44866fd79795dbca4, type: 3}
      propertyPath: m_LocalEulerAnglesHint.x
      value: 0
      objectReference: {fileID: 0}
    - target: {fileID: 471410, guid: bb660abd3b29d9f44866fd79795dbca4, type: 3}
      propertyPath: m_LocalEulerAnglesHint.y
      value: 0
      objectReference: {fileID: 0}
    - target: {fileID: 471410, guid: bb660abd3b29d9f44866fd79795dbca4, type: 3}
      propertyPath: m_LocalEulerAnglesHint.z
      value: 0
      objectReference: {fileID: 0}
    - target: {fileID: 471410, guid: bb660abd3b29d9f44866fd79795dbca4, type: 3}
      propertyPath: m_LocalScale.x
      value: 0.55602
      objectReference: {fileID: 0}
    - target: {fileID: 471410, guid: bb660abd3b29d9f44866fd79795dbca4, type: 3}
      propertyPath: m_LocalScale.y
      value: 0.55602
      objectReference: {fileID: 0}
    - target: {fileID: 471410, guid: bb660abd3b29d9f44866fd79795dbca4, type: 3}
      propertyPath: m_LocalScale.z
      value: 0.55602
      objectReference: {fileID: 0}
    m_RemovedComponents: []
  m_SourcePrefab: {fileID: 100100000, guid: bb660abd3b29d9f44866fd79795dbca4, type: 3}
--- !u!4 &7943166334556421759 stripped
Transform:
  m_CorrespondingSourceObject: {fileID: 471410, guid: bb660abd3b29d9f44866fd79795dbca4,
    type: 3}
  m_PrefabInstance: {fileID: 7943166334556475149}
  m_PrefabAsset: {fileID: 0}
--- !u!1001 &8067701988234742979
PrefabInstance:
  m_ObjectHideFlags: 0
  serializedVersion: 2
  m_Modification:
    m_TransformParent: {fileID: 2207867906040020202}
    m_Modifications:
    - target: {fileID: 1576326672356508, guid: 4e58af05d0b2f794eb5dbb2c42563e8b, type: 3}
      propertyPath: m_Name
      value: Palm_Stand_01
      objectReference: {fileID: 0}
    - target: {fileID: 4772095414340422, guid: 4e58af05d0b2f794eb5dbb2c42563e8b, type: 3}
      propertyPath: m_LocalPosition.x
      value: 1.8499985
      objectReference: {fileID: 0}
    - target: {fileID: 4772095414340422, guid: 4e58af05d0b2f794eb5dbb2c42563e8b, type: 3}
      propertyPath: m_LocalPosition.y
      value: 0.43310052
      objectReference: {fileID: 0}
    - target: {fileID: 4772095414340422, guid: 4e58af05d0b2f794eb5dbb2c42563e8b, type: 3}
      propertyPath: m_LocalPosition.z
      value: 0.7799963
      objectReference: {fileID: 0}
    - target: {fileID: 4772095414340422, guid: 4e58af05d0b2f794eb5dbb2c42563e8b, type: 3}
      propertyPath: m_LocalRotation.x
      value: 1
      objectReference: {fileID: 0}
    - target: {fileID: 4772095414340422, guid: 4e58af05d0b2f794eb5dbb2c42563e8b, type: 3}
      propertyPath: m_LocalRotation.y
      value: -1.1137562e-13
      objectReference: {fileID: 0}
    - target: {fileID: 4772095414340422, guid: 4e58af05d0b2f794eb5dbb2c42563e8b, type: 3}
      propertyPath: m_LocalRotation.z
      value: -0.00000003774895
      objectReference: {fileID: 0}
    - target: {fileID: 4772095414340422, guid: 4e58af05d0b2f794eb5dbb2c42563e8b, type: 3}
      propertyPath: m_LocalRotation.w
      value: 0.0000029504295
      objectReference: {fileID: 0}
    - target: {fileID: 4772095414340422, guid: 4e58af05d0b2f794eb5dbb2c42563e8b, type: 3}
      propertyPath: m_RootOrder
      value: 16
      objectReference: {fileID: 0}
    - target: {fileID: 4772095414340422, guid: 4e58af05d0b2f794eb5dbb2c42563e8b, type: 3}
      propertyPath: m_LocalEulerAnglesHint.x
      value: 0
      objectReference: {fileID: 0}
    - target: {fileID: 4772095414340422, guid: 4e58af05d0b2f794eb5dbb2c42563e8b, type: 3}
      propertyPath: m_LocalEulerAnglesHint.y
      value: 0
      objectReference: {fileID: 0}
    - target: {fileID: 4772095414340422, guid: 4e58af05d0b2f794eb5dbb2c42563e8b, type: 3}
      propertyPath: m_LocalEulerAnglesHint.z
      value: 0
      objectReference: {fileID: 0}
    - target: {fileID: 4772095414340422, guid: 4e58af05d0b2f794eb5dbb2c42563e8b, type: 3}
      propertyPath: m_LocalScale.x
      value: 0.5086
      objectReference: {fileID: 0}
    - target: {fileID: 4772095414340422, guid: 4e58af05d0b2f794eb5dbb2c42563e8b, type: 3}
      propertyPath: m_LocalScale.y
      value: 0.5086
      objectReference: {fileID: 0}
    - target: {fileID: 4772095414340422, guid: 4e58af05d0b2f794eb5dbb2c42563e8b, type: 3}
      propertyPath: m_LocalScale.z
      value: 0.5086
      objectReference: {fileID: 0}
    m_RemovedComponents: []
  m_SourcePrefab: {fileID: 100100000, guid: 4e58af05d0b2f794eb5dbb2c42563e8b, type: 3}
--- !u!4 &8063352105419687813 stripped
Transform:
  m_CorrespondingSourceObject: {fileID: 4772095414340422, guid: 4e58af05d0b2f794eb5dbb2c42563e8b,
    type: 3}
  m_PrefabInstance: {fileID: 8067701988234742979}
  m_PrefabAsset: {fileID: 0}
--- !u!1001 &8443140309497458908
PrefabInstance:
  m_ObjectHideFlags: 0
  serializedVersion: 2
  m_Modification:
    m_TransformParent: {fileID: 2207867906040020202}
    m_Modifications:
    - target: {fileID: 108544, guid: d638ef2ca2fe20c4c9c08e125692d3f4, type: 3}
      propertyPath: m_Name
      value: bush01
      objectReference: {fileID: 0}
    - target: {fileID: 472700, guid: d638ef2ca2fe20c4c9c08e125692d3f4, type: 3}
      propertyPath: m_LocalPosition.x
      value: 1.583
      objectReference: {fileID: 0}
    - target: {fileID: 472700, guid: d638ef2ca2fe20c4c9c08e125692d3f4, type: 3}
      propertyPath: m_LocalPosition.y
      value: 0.527
      objectReference: {fileID: 0}
    - target: {fileID: 472700, guid: d638ef2ca2fe20c4c9c08e125692d3f4, type: 3}
      propertyPath: m_LocalPosition.z
      value: -1.198
      objectReference: {fileID: 0}
    - target: {fileID: 472700, guid: d638ef2ca2fe20c4c9c08e125692d3f4, type: 3}
      propertyPath: m_LocalRotation.x
      value: 1
      objectReference: {fileID: 0}
    - target: {fileID: 472700, guid: d638ef2ca2fe20c4c9c08e125692d3f4, type: 3}
      propertyPath: m_LocalRotation.y
      value: -0
      objectReference: {fileID: 0}
    - target: {fileID: 472700, guid: d638ef2ca2fe20c4c9c08e125692d3f4, type: 3}
      propertyPath: m_LocalRotation.z
      value: -0
      objectReference: {fileID: 0}
    - target: {fileID: 472700, guid: d638ef2ca2fe20c4c9c08e125692d3f4, type: 3}
      propertyPath: m_LocalRotation.w
      value: 0.0000029504295
      objectReference: {fileID: 0}
    - target: {fileID: 472700, guid: d638ef2ca2fe20c4c9c08e125692d3f4, type: 3}
      propertyPath: m_RootOrder
      value: 3
      objectReference: {fileID: 0}
    - target: {fileID: 472700, guid: d638ef2ca2fe20c4c9c08e125692d3f4, type: 3}
      propertyPath: m_LocalEulerAnglesHint.x
      value: 0
      objectReference: {fileID: 0}
    - target: {fileID: 472700, guid: d638ef2ca2fe20c4c9c08e125692d3f4, type: 3}
      propertyPath: m_LocalEulerAnglesHint.y
      value: 0
      objectReference: {fileID: 0}
    - target: {fileID: 472700, guid: d638ef2ca2fe20c4c9c08e125692d3f4, type: 3}
      propertyPath: m_LocalEulerAnglesHint.z
      value: 0
      objectReference: {fileID: 0}
    m_RemovedComponents: []
  m_SourcePrefab: {fileID: 100100000, guid: d638ef2ca2fe20c4c9c08e125692d3f4, type: 3}
--- !u!4 &8443140309497906848 stripped
Transform:
  m_CorrespondingSourceObject: {fileID: 472700, guid: d638ef2ca2fe20c4c9c08e125692d3f4,
    type: 3}
  m_PrefabInstance: {fileID: 8443140309497458908}
  m_PrefabAsset: {fileID: 0}
