%YAML 1.1
%TAG !u! tag:unity3d.com,2011:
--- !u!1 &1382009503873911652
GameObject:
  m_ObjectHideFlags: 0
  m_CorrespondingSourceObject: {fileID: 0}
  m_PrefabInstance: {fileID: 0}
  m_PrefabAsset: {fileID: 0}
  serializedVersion: 6
  m_Component:
  - component: {fileID: 9134763615881715511}
  - component: {fileID: 3677642017555096448}
  m_Layer: 0
  m_Name: Point Light
  m_TagString: Untagged
  m_Icon: {fileID: 0}
  m_NavMeshLayer: 0
  m_StaticEditorFlags: 0
  m_IsActive: 1
--- !u!4 &9134763615881715511
Transform:
  m_ObjectHideFlags: 0
  m_CorrespondingSourceObject: {fileID: 0}
  m_PrefabInstance: {fileID: 0}
  m_PrefabAsset: {fileID: 0}
  m_GameObject: {fileID: 1382009503873911652}
  m_LocalRotation: {x: 0, y: 0, z: 0, w: 1}
  m_LocalPosition: {x: 0.465, y: -0.21, z: -0.48}
  m_LocalScale: {x: 1, y: 1, z: 1}
  m_Children: []
  m_Father: {fileID: 5363433140661544947}
  m_RootOrder: 0
  m_LocalEulerAnglesHint: {x: 0, y: 0, z: 0}
--- !u!108 &3677642017555096448
Light:
  m_ObjectHideFlags: 0
  m_CorrespondingSourceObject: {fileID: 0}
  m_PrefabInstance: {fileID: 0}
  m_PrefabAsset: {fileID: 0}
  m_GameObject: {fileID: 1382009503873911652}
  m_Enabled: 1
  serializedVersion: 8
  m_Type: 2
  m_Color: {r: 1, g: 1, b: 1, a: 1}
  m_Intensity: 1
  m_Range: 10
  m_SpotAngle: 30
  m_CookieSize: 10
  m_Shadows:
    m_Type: 0
    m_Resolution: -1
    m_CustomResolution: -1
    m_Strength: 1
    m_Bias: 0.05
    m_NormalBias: 0.4
    m_NearPlane: 0.2
  m_Cookie: {fileID: 0}
  m_DrawHalo: 0
  m_Flare: {fileID: 0}
  m_RenderMode: 0
  m_CullingMask:
    serializedVersion: 2
    m_Bits: 4294967295
  m_Lightmapping: 4
  m_LightShadowCasterMode: 0
  m_AreaSize: {x: 1, y: 1}
  m_BounceIntensity: 1
  m_ColorTemperature: 6570
  m_UseColorTemperature: 0
  m_ShadowRadius: 0
  m_ShadowAngle: 0
--- !u!1 &6381686057027180801
GameObject:
  m_ObjectHideFlags: 0
  m_CorrespondingSourceObject: {fileID: 0}
  m_PrefabInstance: {fileID: 0}
  m_PrefabAsset: {fileID: 0}
  serializedVersion: 6
  m_Component:
  - component: {fileID: 5363433140661544947}
  - component: {fileID: 1087511420816158226}
  - component: {fileID: 2975890102449146210}
  - component: {fileID: 5502963325991786906}
  - component: {fileID: 8888686942985895358}
  m_Layer: 0
  m_Name: Square Island
  m_TagString: Untagged
  m_Icon: {fileID: 0}
  m_NavMeshLayer: 0
  m_StaticEditorFlags: 0
  m_IsActive: 1
--- !u!4 &5363433140661544947
Transform:
  m_ObjectHideFlags: 0
  m_CorrespondingSourceObject: {fileID: 0}
  m_PrefabInstance: {fileID: 0}
  m_PrefabAsset: {fileID: 0}
  m_GameObject: {fileID: 6381686057027180801}
  m_LocalRotation: {x: -1, y: -0, z: -0, w: 0.0000029504295}
  m_LocalPosition: {x: 85.37, y: 27.612427, z: 43.020916}
  m_LocalScale: {x: 1, y: 1, z: 1}
  m_Children:
  - {fileID: 9134763615881715511}
  - {fileID: 4357431431559514649}
  - {fileID: 2173616639863071777}
  - {fileID: 3794473035738109997}
  - {fileID: 7966626781262227380}
  - {fileID: 4324230471068131080}
  - {fileID: 8890081972725413573}
  - {fileID: 1557335525115779802}
  - {fileID: 5525127856072158122}
  - {fileID: 900994543485937883}
  m_Father: {fileID: 0}
  m_RootOrder: 0
  m_LocalEulerAnglesHint: {x: -180, y: 0, z: 0}
--- !u!23 &1087511420816158226
MeshRenderer:
  m_ObjectHideFlags: 0
  m_CorrespondingSourceObject: {fileID: 0}
  m_PrefabInstance: {fileID: 0}
  m_PrefabAsset: {fileID: 0}
  m_GameObject: {fileID: 6381686057027180801}
  m_Enabled: 1
  m_CastShadows: 1
  m_ReceiveShadows: 1
  m_DynamicOccludee: 1
  m_MotionVectors: 1
  m_LightProbeUsage: 1
  m_ReflectionProbeUsage: 1
  m_RenderingLayerMask: 1
  m_RendererPriority: 0
  m_Materials:
  - {fileID: 2100000, guid: da199b99be04fea46aca553684808db9, type: 2}
  m_StaticBatchInfo:
    firstSubMesh: 0
    subMeshCount: 0
  m_StaticBatchRoot: {fileID: 0}
  m_ProbeAnchor: {fileID: 0}
  m_LightProbeVolumeOverride: {fileID: 0}
  m_ScaleInLightmap: 1
  m_PreserveUVs: 0
  m_IgnoreNormalsForChartDetection: 0
  m_ImportantGI: 0
  m_StitchLightmapSeams: 0
  m_SelectedEditorRenderState: 2
  m_MinimumChartSize: 4
  m_AutoUVMaxDistance: 0.5
  m_AutoUVMaxAngle: 89
  m_LightmapParameters: {fileID: 0}
  m_SortingLayerID: 0
  m_SortingLayer: 0
  m_SortingOrder: 0
--- !u!114 &2975890102449146210
MonoBehaviour:
  m_ObjectHideFlags: 0
  m_CorrespondingSourceObject: {fileID: 0}
  m_PrefabInstance: {fileID: 0}
  m_PrefabAsset: {fileID: 0}
  m_GameObject: {fileID: 6381686057027180801}
  m_Enabled: 1
  m_EditorHideFlags: 0
  m_Script: {fileID: 11500000, guid: 8233d90336aea43098adf6dbabd606a2, type: 3}
  m_Name: 
  m_EditorClassIdentifier: 
  m_MeshFormatVersion: 1
  m_Faces:
  - m_Indexes: 010000000200000003000000010000000300000000000000
    m_SmoothingGroup: 0
    m_Uv:
      m_UseWorldSpace: 0
      m_FlipU: 0
      m_FlipV: 0
      m_SwapUV: 0
      m_Fill: 1
      m_Scale: {x: 1, y: 1}
      m_Offset: {x: 0, y: 0}
      m_Rotation: 0
      m_Anchor: 9
    m_Material: {fileID: 2100000, guid: c22777d6e868e4f2fb421913386b154e, type: 2}
    m_SubmeshIndex: 0
    m_ManualUV: 1
    elementGroup: 0
    m_TextureGroup: 1
  - m_Indexes: 060000000700000004000000050000000600000004000000
    m_SmoothingGroup: 0
    m_Uv:
      m_UseWorldSpace: 0
      m_FlipU: 0
      m_FlipV: 0
      m_SwapUV: 0
      m_Fill: 1
      m_Scale: {x: 1, y: 1}
      m_Offset: {x: 0, y: 0}
      m_Rotation: 0
      m_Anchor: 9
    m_Material: {fileID: 2100000, guid: c22777d6e868e4f2fb421913386b154e, type: 2}
    m_SubmeshIndex: 0
    m_ManualUV: 1
    elementGroup: 0
    m_TextureGroup: 1
  - m_Indexes: 090000000a0000000b00000008000000090000000b000000
    m_SmoothingGroup: 0
    m_Uv:
      m_UseWorldSpace: 0
      m_FlipU: 0
      m_FlipV: 0
      m_SwapUV: 0
      m_Fill: 1
      m_Scale: {x: 1, y: 1}
      m_Offset: {x: 0, y: 0}
      m_Rotation: 0
      m_Anchor: 9
    m_Material: {fileID: 2100000, guid: c22777d6e868e4f2fb421913386b154e, type: 2}
    m_SubmeshIndex: 0
    m_ManualUV: 1
    elementGroup: 0
    m_TextureGroup: 1
  - m_Indexes: 0f0000000c0000000d0000000f0000000d0000000e000000
    m_SmoothingGroup: 0
    m_Uv:
      m_UseWorldSpace: 0
      m_FlipU: 0
      m_FlipV: 0
      m_SwapUV: 0
      m_Fill: 1
      m_Scale: {x: 1, y: 1}
      m_Offset: {x: 0, y: 0}
      m_Rotation: 0
      m_Anchor: 9
    m_Material: {fileID: 2100000, guid: c22777d6e868e4f2fb421913386b154e, type: 2}
    m_SubmeshIndex: 0
    m_ManualUV: 1
    elementGroup: 0
    m_TextureGroup: 1
  - m_Indexes: 120000001300000011000000110000001300000010000000
    m_SmoothingGroup: 0
    m_Uv:
      m_UseWorldSpace: 0
      m_FlipU: 0
      m_FlipV: 0
      m_SwapUV: 0
      m_Fill: 1
      m_Scale: {x: 1, y: 1}
      m_Offset: {x: 0, y: 0}
      m_Rotation: 0
      m_Anchor: 9
    m_Material: {fileID: 2100000, guid: c22777d6e868e4f2fb421913386b154e, type: 2}
    m_SubmeshIndex: 0
    m_ManualUV: 1
    elementGroup: 0
    m_TextureGroup: 2
  - m_Indexes: 150000001600000014000000140000001600000017000000
    m_SmoothingGroup: 0
    m_Uv:
      m_UseWorldSpace: 0
      m_FlipU: 0
      m_FlipV: 0
      m_SwapUV: 0
      m_Fill: 1
      m_Scale: {x: 1, y: 1}
      m_Offset: {x: 0, y: 0}
      m_Rotation: 0
      m_Anchor: 9
    m_Material: {fileID: 2100000, guid: c22777d6e868e4f2fb421913386b154e, type: 2}
    m_SubmeshIndex: 0
    m_ManualUV: 1
    elementGroup: 0
    m_TextureGroup: 2
  - m_Indexes: 18000000190000001b0000001b000000190000001a000000
    m_SmoothingGroup: 0
    m_Uv:
      m_UseWorldSpace: 0
      m_FlipU: 0
      m_FlipV: 0
      m_SwapUV: 0
      m_Fill: 1
      m_Scale: {x: 1, y: 1}
      m_Offset: {x: 0, y: 0}
      m_Rotation: 0
      m_Anchor: 9
    m_Material: {fileID: 2100000, guid: c22777d6e868e4f2fb421913386b154e, type: 2}
    m_SubmeshIndex: 0
    m_ManualUV: 1
    elementGroup: 0
    m_TextureGroup: 2
  - m_Indexes: 1f0000001c0000001d0000001f0000001d0000001e000000
    m_SmoothingGroup: 0
    m_Uv:
      m_UseWorldSpace: 0
      m_FlipU: 0
      m_FlipV: 0
      m_SwapUV: 0
      m_Fill: 1
      m_Scale: {x: 1, y: 1}
      m_Offset: {x: 0, y: 0}
      m_Rotation: 0
      m_Anchor: 9
    m_Material: {fileID: 2100000, guid: c22777d6e868e4f2fb421913386b154e, type: 2}
    m_SubmeshIndex: 0
    m_ManualUV: 1
    elementGroup: 0
    m_TextureGroup: 2
  - m_Indexes: 210000002300000020000000210000002200000023000000
    m_SmoothingGroup: 0
    m_Uv:
      m_UseWorldSpace: 0
      m_FlipU: 0
      m_FlipV: 0
      m_SwapUV: 0
      m_Fill: 1
      m_Scale: {x: 1, y: 1}
      m_Offset: {x: 0, y: 0}
      m_Rotation: 0
      m_Anchor: 9
    m_Material: {fileID: 2100000, guid: c22777d6e868e4f2fb421913386b154e, type: 2}
    m_SubmeshIndex: 0
    m_ManualUV: 1
    elementGroup: 0
    m_TextureGroup: 3
  - m_Indexes: 270000002400000026000000240000002500000026000000
    m_SmoothingGroup: 0
    m_Uv:
      m_UseWorldSpace: 0
      m_FlipU: 0
      m_FlipV: 0
      m_SwapUV: 0
      m_Fill: 1
      m_Scale: {x: 1, y: 1}
      m_Offset: {x: 0, y: 0}
      m_Rotation: 0
      m_Anchor: 9
    m_Material: {fileID: 2100000, guid: c22777d6e868e4f2fb421913386b154e, type: 2}
    m_SubmeshIndex: 0
    m_ManualUV: 1
    elementGroup: 0
    m_TextureGroup: 3
  - m_Indexes: 2a0000002b000000290000002b0000002800000029000000
    m_SmoothingGroup: 0
    m_Uv:
      m_UseWorldSpace: 0
      m_FlipU: 0
      m_FlipV: 0
      m_SwapUV: 0
      m_Fill: 1
      m_Scale: {x: 1, y: 1}
      m_Offset: {x: 0, y: 0}
      m_Rotation: 0
      m_Anchor: 9
    m_Material: {fileID: 2100000, guid: c22777d6e868e4f2fb421913386b154e, type: 2}
    m_SubmeshIndex: 0
    m_ManualUV: 1
    elementGroup: 0
    m_TextureGroup: 3
  - m_Indexes: 2f0000002d0000002e0000002f0000002c0000002d000000
    m_SmoothingGroup: 0
    m_Uv:
      m_UseWorldSpace: 0
      m_FlipU: 0
      m_FlipV: 0
      m_SwapUV: 0
      m_Fill: 1
      m_Scale: {x: 1, y: 1}
      m_Offset: {x: 0, y: 0}
      m_Rotation: 0
      m_Anchor: 9
    m_Material: {fileID: 2100000, guid: c22777d6e868e4f2fb421913386b154e, type: 2}
    m_SubmeshIndex: 0
    m_ManualUV: 1
    elementGroup: 0
    m_TextureGroup: 3
  - m_Indexes: 320000003300000031000000330000003000000031000000
    m_SmoothingGroup: 0
    m_Uv:
      m_UseWorldSpace: 0
      m_FlipU: 0
      m_FlipV: 0
      m_SwapUV: 0
      m_Fill: 1
      m_Scale: {x: 1, y: 1}
      m_Offset: {x: 0, y: 0}
      m_Rotation: 0
      m_Anchor: 9
    m_Material: {fileID: 2100000, guid: c22777d6e868e4f2fb421913386b154e, type: 2}
    m_SubmeshIndex: 0
    m_ManualUV: 1
    elementGroup: 0
    m_TextureGroup: 4
  - m_Indexes: 370000003400000036000000340000003500000036000000
    m_SmoothingGroup: 0
    m_Uv:
      m_UseWorldSpace: 0
      m_FlipU: 0
      m_FlipV: 0
      m_SwapUV: 0
      m_Fill: 1
      m_Scale: {x: 1, y: 1}
      m_Offset: {x: 0, y: 0}
      m_Rotation: 0
      m_Anchor: 9
    m_Material: {fileID: 2100000, guid: c22777d6e868e4f2fb421913386b154e, type: 2}
    m_SubmeshIndex: 0
    m_ManualUV: 1
    elementGroup: 0
    m_TextureGroup: 4
  - m_Indexes: 390000003a0000003b000000390000003b00000038000000
    m_SmoothingGroup: 0
    m_Uv:
      m_UseWorldSpace: 0
      m_FlipU: 0
      m_FlipV: 0
      m_SwapUV: 0
      m_Fill: 1
      m_Scale: {x: 1, y: 1}
      m_Offset: {x: 0, y: 0}
      m_Rotation: 0
      m_Anchor: 9
    m_Material: {fileID: 2100000, guid: c22777d6e868e4f2fb421913386b154e, type: 2}
    m_SubmeshIndex: 0
    m_ManualUV: 1
    elementGroup: 0
    m_TextureGroup: 4
  - m_Indexes: 3c0000003d0000003f0000003d0000003e0000003f000000
    m_SmoothingGroup: 0
    m_Uv:
      m_UseWorldSpace: 0
      m_FlipU: 0
      m_FlipV: 0
      m_SwapUV: 0
      m_Fill: 1
      m_Scale: {x: 1, y: 1}
      m_Offset: {x: 0, y: 0}
      m_Rotation: 0
      m_Anchor: 9
    m_Material: {fileID: 2100000, guid: c22777d6e868e4f2fb421913386b154e, type: 2}
    m_SubmeshIndex: 0
    m_ManualUV: 1
    elementGroup: 0
    m_TextureGroup: 4
  - m_Indexes: 420000004300000040000000410000004200000040000000
    m_SmoothingGroup: 0
    m_Uv:
      m_UseWorldSpace: 0
      m_FlipU: 0
      m_FlipV: 0
      m_SwapUV: 0
      m_Fill: 1
      m_Scale: {x: 1, y: 1}
      m_Offset: {x: 0, y: 0}
      m_Rotation: 0
      m_Anchor: 9
    m_Material: {fileID: 2100000, guid: c22777d6e868e4f2fb421913386b154e, type: 2}
    m_SubmeshIndex: 0
    m_ManualUV: 1
    elementGroup: 0
    m_TextureGroup: 5
  - m_Indexes: 460000004700000045000000470000004400000045000000
    m_SmoothingGroup: 0
    m_Uv:
      m_UseWorldSpace: 0
      m_FlipU: 0
      m_FlipV: 0
      m_SwapUV: 0
      m_Fill: 1
      m_Scale: {x: 1, y: 1}
      m_Offset: {x: 0, y: 0}
      m_Rotation: 0
      m_Anchor: 9
    m_Material: {fileID: 2100000, guid: c22777d6e868e4f2fb421913386b154e, type: 2}
    m_SubmeshIndex: 0
    m_ManualUV: 1
    elementGroup: 0
    m_TextureGroup: 5
  - m_Indexes: 490000004a0000004b00000048000000490000004b000000
    m_SmoothingGroup: 0
    m_Uv:
      m_UseWorldSpace: 0
      m_FlipU: 0
      m_FlipV: 0
      m_SwapUV: 0
      m_Fill: 1
      m_Scale: {x: 1, y: 1}
      m_Offset: {x: 0, y: 0}
      m_Rotation: 0
      m_Anchor: 9
    m_Material: {fileID: 2100000, guid: c22777d6e868e4f2fb421913386b154e, type: 2}
    m_SubmeshIndex: 0
    m_ManualUV: 1
    elementGroup: 0
    m_TextureGroup: 5
  - m_Indexes: 4c0000004d0000004f0000004d0000004e0000004f000000
    m_SmoothingGroup: 0
    m_Uv:
      m_UseWorldSpace: 0
      m_FlipU: 0
      m_FlipV: 0
      m_SwapUV: 0
      m_Fill: 1
      m_Scale: {x: 1, y: 1}
      m_Offset: {x: 0, y: 0}
      m_Rotation: 0
      m_Anchor: 9
    m_Material: {fileID: 2100000, guid: c22777d6e868e4f2fb421913386b154e, type: 2}
    m_SubmeshIndex: 0
    m_ManualUV: 1
    elementGroup: 0
    m_TextureGroup: 5
  - m_Indexes: 530000005100000052000000530000005000000051000000
    m_SmoothingGroup: 0
    m_Uv:
      m_UseWorldSpace: 0
      m_FlipU: 0
      m_FlipV: 0
      m_SwapUV: 0
      m_Fill: 1
      m_Scale: {x: 1, y: 1}
      m_Offset: {x: 0, y: 0}
      m_Rotation: 0
      m_Anchor: 9
    m_Material: {fileID: 2100000, guid: c22777d6e868e4f2fb421913386b154e, type: 2}
    m_SubmeshIndex: 0
    m_ManualUV: 0
    elementGroup: 0
    m_TextureGroup: 6
  - m_Indexes: 570000005500000056000000570000005400000055000000
    m_SmoothingGroup: 0
    m_Uv:
      m_UseWorldSpace: 0
      m_FlipU: 0
      m_FlipV: 0
      m_SwapUV: 0
      m_Fill: 1
      m_Scale: {x: 1, y: 1}
      m_Offset: {x: 0, y: 0}
      m_Rotation: 0
      m_Anchor: 9
    m_Material: {fileID: 2100000, guid: c22777d6e868e4f2fb421913386b154e, type: 2}
    m_SubmeshIndex: 0
    m_ManualUV: 0
    elementGroup: 0
    m_TextureGroup: 6
  - m_Indexes: 5a00000058000000590000005a0000005b00000058000000
    m_SmoothingGroup: 0
    m_Uv:
      m_UseWorldSpace: 0
      m_FlipU: 0
      m_FlipV: 0
      m_SwapUV: 0
      m_Fill: 1
      m_Scale: {x: 1, y: 1}
      m_Offset: {x: 0, y: 0}
      m_Rotation: 0
      m_Anchor: 9
    m_Material: {fileID: 2100000, guid: c22777d6e868e4f2fb421913386b154e, type: 2}
    m_SubmeshIndex: 0
    m_ManualUV: 0
    elementGroup: 0
    m_TextureGroup: 6
  - m_Indexes: 5d0000005f0000005c0000005d0000005e0000005f000000
    m_SmoothingGroup: 0
    m_Uv:
      m_UseWorldSpace: 0
      m_FlipU: 0
      m_FlipV: 0
      m_SwapUV: 0
      m_Fill: 1
      m_Scale: {x: 1, y: 1}
      m_Offset: {x: 0, y: 0}
      m_Rotation: 0
      m_Anchor: 9
    m_Material: {fileID: 2100000, guid: c22777d6e868e4f2fb421913386b154e, type: 2}
    m_SubmeshIndex: 0
    m_ManualUV: 0
    elementGroup: 0
    m_TextureGroup: 6
  - m_Indexes: 610000006300000060000000610000006200000063000000
    m_SmoothingGroup: -1
    m_Uv:
      m_UseWorldSpace: 0
      m_FlipU: 0
      m_FlipV: 0
      m_SwapUV: 0
      m_Fill: 1
      m_Scale: {x: 1, y: 1}
      m_Offset: {x: 0, y: 0}
      m_Rotation: 0
      m_Anchor: 9
    m_Material: {fileID: 2100000, guid: c22777d6e868e4f2fb421913386b154e, type: 2}
    m_SubmeshIndex: 0
    m_ManualUV: 0
    elementGroup: 0
    m_TextureGroup: 7
  - m_Indexes: 670000006400000066000000640000006500000066000000
    m_SmoothingGroup: -1
    m_Uv:
      m_UseWorldSpace: 0
      m_FlipU: 0
      m_FlipV: 0
      m_SwapUV: 0
      m_Fill: 1
      m_Scale: {x: 1, y: 1}
      m_Offset: {x: 0, y: 0}
      m_Rotation: 0
      m_Anchor: 9
    m_Material: {fileID: 2100000, guid: c22777d6e868e4f2fb421913386b154e, type: 2}
    m_SubmeshIndex: 0
    m_ManualUV: 0
    elementGroup: 0
    m_TextureGroup: 7
  - m_Indexes: 6a0000006b000000690000006b0000006800000069000000
    m_SmoothingGroup: -1
    m_Uv:
      m_UseWorldSpace: 0
      m_FlipU: 0
      m_FlipV: 0
      m_SwapUV: 0
      m_Fill: 1
      m_Scale: {x: 1, y: 1}
      m_Offset: {x: 0, y: 0}
      m_Rotation: 0
      m_Anchor: 9
    m_Material: {fileID: 2100000, guid: c22777d6e868e4f2fb421913386b154e, type: 2}
    m_SubmeshIndex: 0
    m_ManualUV: 0
    elementGroup: 0
    m_TextureGroup: 7
  - m_Indexes: 6f0000006d0000006e0000006f0000006c0000006d000000
    m_SmoothingGroup: -1
    m_Uv:
      m_UseWorldSpace: 0
      m_FlipU: 0
      m_FlipV: 0
      m_SwapUV: 0
      m_Fill: 1
      m_Scale: {x: 1, y: 1}
      m_Offset: {x: 0, y: 0}
      m_Rotation: 0
      m_Anchor: 9
    m_Material: {fileID: 2100000, guid: c22777d6e868e4f2fb421913386b154e, type: 2}
    m_SubmeshIndex: 0
    m_ManualUV: 0
    elementGroup: 0
    m_TextureGroup: 7
  - m_Indexes: 730000007000000071000000720000007300000071000000
    m_SmoothingGroup: -1
    m_Uv:
      m_UseWorldSpace: 0
      m_FlipU: 0
      m_FlipV: 0
      m_SwapUV: 0
      m_Fill: 1
      m_Scale: {x: 1, y: 1}
      m_Offset: {x: 0, y: 0}
      m_Rotation: 0
      m_Anchor: 9
    m_Material: {fileID: 2100000, guid: c22777d6e868e4f2fb421913386b154e, type: 2}
    m_SubmeshIndex: 0
    m_ManualUV: 0
    elementGroup: 0
    m_TextureGroup: 8
  - m_Indexes: 760000007700000074000000760000007400000075000000
    m_SmoothingGroup: -1
    m_Uv:
      m_UseWorldSpace: 0
      m_FlipU: 0
      m_FlipV: 0
      m_SwapUV: 0
      m_Fill: 1
      m_Scale: {x: 1, y: 1}
      m_Offset: {x: 0, y: 0}
      m_Rotation: 0
      m_Anchor: 9
    m_Material: {fileID: 2100000, guid: c22777d6e868e4f2fb421913386b154e, type: 2}
    m_SubmeshIndex: 0
    m_ManualUV: 0
    elementGroup: 0
    m_TextureGroup: 8
  - m_Indexes: 790000007b00000078000000790000007a0000007b000000
    m_SmoothingGroup: -1
    m_Uv:
      m_UseWorldSpace: 0
      m_FlipU: 0
      m_FlipV: 0
      m_SwapUV: 0
      m_Fill: 1
      m_Scale: {x: 1, y: 1}
      m_Offset: {x: 0, y: 0}
      m_Rotation: 0
      m_Anchor: 9
    m_Material: {fileID: 2100000, guid: c22777d6e868e4f2fb421913386b154e, type: 2}
    m_SubmeshIndex: 0
    m_ManualUV: 0
    elementGroup: 0
    m_TextureGroup: 8
  - m_Indexes: 7f0000007c0000007d0000007f0000007d0000007e000000
    m_SmoothingGroup: -1
    m_Uv:
      m_UseWorldSpace: 0
      m_FlipU: 0
      m_FlipV: 0
      m_SwapUV: 0
      m_Fill: 1
      m_Scale: {x: 1, y: 1}
      m_Offset: {x: 0, y: 0}
      m_Rotation: 0
      m_Anchor: 9
    m_Material: {fileID: 2100000, guid: c22777d6e868e4f2fb421913386b154e, type: 2}
    m_SubmeshIndex: 0
    m_ManualUV: 0
    elementGroup: 0
    m_TextureGroup: 8
  - m_Indexes: 810000008300000080000000810000008200000083000000
    m_SmoothingGroup: -1
    m_Uv:
      m_UseWorldSpace: 0
      m_FlipU: 0
      m_FlipV: 0
      m_SwapUV: 0
      m_Fill: 1
      m_Scale: {x: 1, y: 1}
      m_Offset: {x: 0, y: 0}
      m_Rotation: 0
      m_Anchor: 9
    m_Material: {fileID: 2100000, guid: c22777d6e868e4f2fb421913386b154e, type: 2}
    m_SubmeshIndex: 0
    m_ManualUV: 0
    elementGroup: 0
    m_TextureGroup: 9
  - m_Indexes: 870000008400000086000000840000008500000086000000
    m_SmoothingGroup: -1
    m_Uv:
      m_UseWorldSpace: 0
      m_FlipU: 0
      m_FlipV: 0
      m_SwapUV: 0
      m_Fill: 1
      m_Scale: {x: 1, y: 1}
      m_Offset: {x: 0, y: 0}
      m_Rotation: 0
      m_Anchor: 9
    m_Material: {fileID: 2100000, guid: c22777d6e868e4f2fb421913386b154e, type: 2}
    m_SubmeshIndex: 0
    m_ManualUV: 0
    elementGroup: 0
    m_TextureGroup: 9
  - m_Indexes: 890000008a0000008b00000088000000890000008b000000
    m_SmoothingGroup: -1
    m_Uv:
      m_UseWorldSpace: 0
      m_FlipU: 0
      m_FlipV: 0
      m_SwapUV: 0
      m_Fill: 1
      m_Scale: {x: 1, y: 1}
      m_Offset: {x: 0, y: 0}
      m_Rotation: 0
      m_Anchor: 9
    m_Material: {fileID: 2100000, guid: c22777d6e868e4f2fb421913386b154e, type: 2}
    m_SubmeshIndex: 0
    m_ManualUV: 0
    elementGroup: 0
    m_TextureGroup: 9
  - m_Indexes: 8d0000008e0000008f0000008d0000008f0000008c000000
    m_SmoothingGroup: -1
    m_Uv:
      m_UseWorldSpace: 0
      m_FlipU: 0
      m_FlipV: 0
      m_SwapUV: 0
      m_Fill: 1
      m_Scale: {x: 1, y: 1}
      m_Offset: {x: 0, y: 0}
      m_Rotation: 0
      m_Anchor: 9
    m_Material: {fileID: 2100000, guid: c22777d6e868e4f2fb421913386b154e, type: 2}
    m_SubmeshIndex: 0
    m_ManualUV: 0
    elementGroup: 0
    m_TextureGroup: 9
  - m_Indexes: 910000009200000093000000900000009100000093000000
    m_SmoothingGroup: -1
    m_Uv:
      m_UseWorldSpace: 0
      m_FlipU: 0
      m_FlipV: 0
      m_SwapUV: 0
      m_Fill: 1
      m_Scale: {x: 1, y: 1}
      m_Offset: {x: 0, y: 0}
      m_Rotation: 0
      m_Anchor: 9
    m_Material: {fileID: 2100000, guid: c22777d6e868e4f2fb421913386b154e, type: 2}
    m_SubmeshIndex: 0
    m_ManualUV: 0
    elementGroup: 0
    m_TextureGroup: 10
  - m_Indexes: 950000009600000094000000960000009700000094000000
    m_SmoothingGroup: -1
    m_Uv:
      m_UseWorldSpace: 0
      m_FlipU: 0
      m_FlipV: 0
      m_SwapUV: 0
      m_Fill: 1
      m_Scale: {x: 1, y: 1}
      m_Offset: {x: 0, y: 0}
      m_Rotation: 0
      m_Anchor: 9
    m_Material: {fileID: 2100000, guid: c22777d6e868e4f2fb421913386b154e, type: 2}
    m_SubmeshIndex: 0
    m_ManualUV: 0
    elementGroup: 0
    m_TextureGroup: 10
  - m_Indexes: 98000000990000009b000000990000009a0000009b000000
    m_SmoothingGroup: -1
    m_Uv:
      m_UseWorldSpace: 0
      m_FlipU: 0
      m_FlipV: 0
      m_SwapUV: 0
      m_Fill: 1
      m_Scale: {x: 1, y: 1}
      m_Offset: {x: 0, y: 0}
      m_Rotation: 0
      m_Anchor: 9
    m_Material: {fileID: 2100000, guid: c22777d6e868e4f2fb421913386b154e, type: 2}
    m_SubmeshIndex: 0
    m_ManualUV: 0
    elementGroup: 0
    m_TextureGroup: 10
  - m_Indexes: 9f0000009c0000009d0000009e0000009f0000009d000000
    m_SmoothingGroup: -1
    m_Uv:
      m_UseWorldSpace: 0
      m_FlipU: 0
      m_FlipV: 0
      m_SwapUV: 0
      m_Fill: 1
      m_Scale: {x: 1, y: 1}
      m_Offset: {x: 0, y: 0}
      m_Rotation: 0
      m_Anchor: 9
    m_Material: {fileID: 2100000, guid: c22777d6e868e4f2fb421913386b154e, type: 2}
    m_SubmeshIndex: 0
    m_ManualUV: 0
    elementGroup: 0
    m_TextureGroup: 10
  m_SharedVertices:
  - m_Vertices: 00000000350000005d000000
  - m_Vertices: 01000000040000005a0000005c000000
  - m_Vertices: 02000000070000000b0000000f000000
  - m_Vertices: 030000000e0000003600000038000000
  - m_Vertices: 050000001000000059000000
  - m_Vertices: 0600000008000000130000001e000000
  - m_Vertices: 090000001d0000006500000090000000
  - m_Vertices: 0a0000000c0000006100000064000000
  - m_Vertices: 0d000000390000006000000075000000
  - m_Vertices: 11000000140000005600000058000000
  - m_Vertices: 12000000170000001b0000001f000000
  - m_Vertices: 150000002000000055000000
  - m_Vertices: 1600000018000000230000002e000000
  - m_Vertices: 190000002d0000008000000095000000
  - m_Vertices: 1a0000001c0000009100000094000000
  - m_Vertices: 21000000240000005100000054000000
  - m_Vertices: 22000000270000002b0000002f000000
  - m_Vertices: 250000003000000050000000
  - m_Vertices: 2600000028000000330000003e000000
  - m_Vertices: 290000003d0000007000000085000000
  - m_Vertices: 2a0000002c0000008100000084000000
  - m_Vertices: 3100000034000000530000005e000000
  - m_Vertices: 32000000370000003b0000003f000000
  - m_Vertices: 3a0000003c0000007100000074000000
  - m_Vertices: 400000006d00000079000000
  - m_Vertices: 41000000440000006a0000006c000000
  - m_Vertices: 42000000470000004b0000004f000000
  - m_Vertices: 430000004e0000007a0000007c000000
  - m_Vertices: 45000000690000009d000000
  - m_Vertices: 46000000480000009a0000009c000000
  - m_Vertices: 490000008d00000099000000
  - m_Vertices: 4a0000004c0000008a0000008c000000
  - m_Vertices: 4d0000007d00000089000000
  - m_Vertices: 52000000570000005b0000005f000000
  - m_Vertices: 62000000670000006b0000006f000000
  - m_Vertices: 630000006e0000007600000078000000
  - m_Vertices: 6600000068000000930000009e000000
  - m_Vertices: 72000000770000007b0000007f000000
  - m_Vertices: 730000007e0000008600000088000000
  - m_Vertices: 82000000870000008b0000008f000000
  - m_Vertices: 830000008e0000009600000098000000
  - m_Vertices: 92000000970000009b0000009f000000
  m_SharedTextures: []
  m_Positions:
  - {x: -0.8270035, y: 0.4571752, z: 0.8270035}
  - {x: 0.5, y: 0.4571752, z: 0.8270035}
  - {x: 0.5, y: 0.6832215, z: 0.39159554}
  - {x: -0.39159775, y: 0.6832216, z: 0.39159554}
  - {x: 0.5, y: 0.4571752, z: 0.8270035}
  - {x: 1.8270035, y: 0.4571752, z: 0.8270035}
  - {x: 1.3915977, y: 0.6832216, z: 0.39159554}
  - {x: 0.5, y: 0.6832215, z: 0.39159554}
  - {x: 1.3915977, y: 0.6832216, z: 0.39159554}
  - {x: 1.0778809, y: 0.8533996, z: 0.07788236}
  - {x: 0.5, y: 0.8, z: 0}
  - {x: 0.5, y: 0.6832215, z: 0.39159554}
  - {x: 0.5, y: 0.8, z: 0}
  - {x: -0.07788086, y: 0.8533996, z: 0.07788236}
  - {x: -0.39159775, y: 0.6832216, z: 0.39159554}
  - {x: 0.5, y: 0.6832215, z: 0.39159554}
  - {x: 1.8270035, y: 0.4571752, z: 0.8270035}
  - {x: 1.8270035, y: 0.45717117, z: -0.5000038}
  - {x: 1.3915977, y: 0.6832197, z: -0.5000022}
  - {x: 1.3915977, y: 0.6832216, z: 0.39159554}
  - {x: 1.8270035, y: 0.45717117, z: -0.5000038}
  - {x: 1.8270035, y: 0.3040204, z: -1.8270102}
  - {x: 1.3915977, y: 0.68321776, z: -1.3915999}
  - {x: 1.3915977, y: 0.6832197, z: -0.5000022}
  - {x: 1.3915977, y: 0.68321776, z: -1.3915999}
  - {x: 1.0778809, y: 0.85339844, z: -1.0778831}
  - {x: 1, y: 0.8, z: -0.5}
  - {x: 1.3915977, y: 0.6832197, z: -0.5000022}
  - {x: 1, y: 0.8, z: -0.5}
  - {x: 1.0778809, y: 0.8533996, z: 0.07788236}
  - {x: 1.3915977, y: 0.6832216, z: 0.39159554}
  - {x: 1.3915977, y: 0.6832197, z: -0.5000022}
  - {x: 1.8270035, y: 0.3040204, z: -1.8270102}
  - {x: 0.5, y: 0.36677408, z: -1.8270105}
  - {x: 0.5, y: 0.68321776, z: -1.3915999}
  - {x: 1.3915977, y: 0.68321776, z: -1.3915999}
  - {x: 0.5, y: 0.36677408, z: -1.8270105}
  - {x: -0.8270035, y: 0.51572657, z: -1.8270115}
  - {x: -0.39159775, y: 0.68321776, z: -1.3915999}
  - {x: 0.5, y: 0.68321776, z: -1.3915999}
  - {x: -0.39159775, y: 0.68321776, z: -1.3915999}
  - {x: -0.07788086, y: 0.85339844, z: -1.0778831}
  - {x: 0.5, y: 0.8, z: -1}
  - {x: 0.5, y: 0.68321776, z: -1.3915999}
  - {x: 0.5, y: 0.8, z: -1}
  - {x: 1.0778809, y: 0.85339844, z: -1.0778831}
  - {x: 1.3915977, y: 0.68321776, z: -1.3915999}
  - {x: 0.5, y: 0.68321776, z: -1.3915999}
  - {x: -0.8270035, y: 0.51572657, z: -1.8270115}
  - {x: -0.8270035, y: 0.4443862, z: -0.5000037}
  - {x: -0.39159775, y: 0.6832197, z: -0.5000022}
  - {x: -0.39159775, y: 0.68321776, z: -1.3915999}
  - {x: -0.8270035, y: 0.4443862, z: -0.5000037}
  - {x: -0.8270035, y: 0.4571752, z: 0.8270035}
  - {x: -0.39159775, y: 0.6832216, z: 0.39159554}
  - {x: -0.39159775, y: 0.6832197, z: -0.5000022}
  - {x: -0.39159775, y: 0.6832216, z: 0.39159554}
  - {x: -0.07788086, y: 0.8533996, z: 0.07788236}
  - {x: 0, y: 0.8, z: -0.5}
  - {x: -0.39159775, y: 0.6832197, z: -0.5000022}
  - {x: 0, y: 0.8, z: -0.5}
  - {x: -0.07788086, y: 0.85339844, z: -1.0778831}
  - {x: -0.39159775, y: 0.68321776, z: -1.3915999}
  - {x: -0.39159775, y: 0.6832197, z: -0.5000022}
  - {x: 0.2, y: 1, z: -0.2}
  - {x: 0.5, y: 1, z: -0.2}
  - {x: 0.5, y: 1, z: -0.5}
  - {x: 0.2, y: 1, z: -0.5}
  - {x: 0.5, y: 1, z: -0.2}
  - {x: 0.8, y: 1, z: -0.2}
  - {x: 0.8, y: 1, z: -0.5}
  - {x: 0.5, y: 1, z: -0.5}
  - {x: 0.8, y: 1, z: -0.5}
  - {x: 0.8, y: 1, z: -0.8}
  - {x: 0.5, y: 1, z: -0.8}
  - {x: 0.5, y: 1, z: -0.5}
  - {x: 0.5, y: 1, z: -0.8}
  - {x: 0.2, y: 1, z: -0.8}
  - {x: 0.2, y: 1, z: -0.5}
  - {x: 0.5, y: 1, z: -0.5}
  - {x: -0.8270035, y: 0.51572657, z: -1.8270115}
  - {x: 0.5, y: 0.36677408, z: -1.8270105}
  - {x: 0.5, y: 0.93963116, z: -0.5000066}
  - {x: -0.8270035, y: 0.4443862, z: -0.5000037}
  - {x: 0.5, y: 0.36677408, z: -1.8270105}
  - {x: 1.8270035, y: 0.3040204, z: -1.8270102}
  - {x: 1.8270035, y: 0.45717117, z: -0.5000038}
  - {x: 0.5, y: 0.93963116, z: -0.5000066}
  - {x: 1.8270035, y: 0.45717117, z: -0.5000038}
  - {x: 1.8270035, y: 0.4571752, z: 0.8270035}
  - {x: 0.5, y: 0.4571752, z: 0.8270035}
  - {x: 0.5, y: 0.93963116, z: -0.5000066}
  - {x: 0.5, y: 0.4571752, z: 0.8270035}
  - {x: -0.8270035, y: 0.4571752, z: 0.8270035}
  - {x: -0.8270035, y: 0.4443862, z: -0.5000037}
  - {x: 0.5, y: 0.93963116, z: -0.5000066}
  - {x: -0.07788086, y: 0.8533996, z: 0.07788236}
  - {x: 0.5, y: 0.8, z: 0}
  - {x: 0.5, y: 0.9, z: -0.1}
  - {x: 0.1, y: 0.9, z: -0.1}
  - {x: 0.5, y: 0.8, z: 0}
  - {x: 1.0778809, y: 0.8533996, z: 0.07788236}
  - {x: 0.9, y: 0.9, z: -0.1}
  - {x: 0.5, y: 0.9, z: -0.1}
  - {x: 0.9, y: 0.9, z: -0.1}
  - {x: 0.8, y: 1, z: -0.2}
  - {x: 0.5, y: 1, z: -0.2}
  - {x: 0.5, y: 0.9, z: -0.1}
  - {x: 0.5, y: 1, z: -0.2}
  - {x: 0.2, y: 1, z: -0.2}
  - {x: 0.1, y: 0.9, z: -0.1}
  - {x: 0.5, y: 0.9, z: -0.1}
  - {x: -0.07788086, y: 0.85339844, z: -1.0778831}
  - {x: 0, y: 0.8, z: -0.5}
  - {x: 0.1, y: 0.9, z: -0.5}
  - {x: 0.1, y: 0.9, z: -0.9}
  - {x: 0, y: 0.8, z: -0.5}
  - {x: -0.07788086, y: 0.8533996, z: 0.07788236}
  - {x: 0.1, y: 0.9, z: -0.1}
  - {x: 0.1, y: 0.9, z: -0.5}
  - {x: 0.1, y: 0.9, z: -0.1}
  - {x: 0.2, y: 1, z: -0.2}
  - {x: 0.2, y: 1, z: -0.5}
  - {x: 0.1, y: 0.9, z: -0.5}
  - {x: 0.2, y: 1, z: -0.5}
  - {x: 0.2, y: 1, z: -0.8}
  - {x: 0.1, y: 0.9, z: -0.9}
  - {x: 0.1, y: 0.9, z: -0.5}
  - {x: 1.0778809, y: 0.85339844, z: -1.0778831}
  - {x: 0.5, y: 0.8, z: -1}
  - {x: 0.5, y: 0.9, z: -0.9}
  - {x: 0.9, y: 0.9, z: -0.9}
  - {x: 0.5, y: 0.8, z: -1}
  - {x: -0.07788086, y: 0.85339844, z: -1.0778831}
  - {x: 0.1, y: 0.9, z: -0.9}
  - {x: 0.5, y: 0.9, z: -0.9}
  - {x: 0.1, y: 0.9, z: -0.9}
  - {x: 0.2, y: 1, z: -0.8}
  - {x: 0.5, y: 1, z: -0.8}
  - {x: 0.5, y: 0.9, z: -0.9}
  - {x: 0.5, y: 1, z: -0.8}
  - {x: 0.8, y: 1, z: -0.8}
  - {x: 0.9, y: 0.9, z: -0.9}
  - {x: 0.5, y: 0.9, z: -0.9}
  - {x: 1.0778809, y: 0.8533996, z: 0.07788236}
  - {x: 1, y: 0.8, z: -0.5}
  - {x: 0.9, y: 0.9, z: -0.5}
  - {x: 0.9, y: 0.9, z: -0.1}
  - {x: 1, y: 0.8, z: -0.5}
  - {x: 1.0778809, y: 0.85339844, z: -1.0778831}
  - {x: 0.9, y: 0.9, z: -0.9}
  - {x: 0.9, y: 0.9, z: -0.5}
  - {x: 0.9, y: 0.9, z: -0.9}
  - {x: 0.8, y: 1, z: -0.8}
  - {x: 0.8, y: 1, z: -0.5}
  - {x: 0.9, y: 0.9, z: -0.5}
  - {x: 0.8, y: 1, z: -0.5}
  - {x: 0.8, y: 1, z: -0.2}
  - {x: 0.9, y: 0.9, z: -0.1}
  - {x: 0.9, y: 0.9, z: -0.5}
  m_Textures0:
  - {x: 0, y: 0}
  - {x: -0.5, y: 0}
  - {x: -0.5, y: 0.4}
  - {x: 0, y: 0.4}
  - {x: -0.5, y: 0}
  - {x: -1, y: 0}
  - {x: -1, y: 0.4}
  - {x: -0.5, y: 0.4}
  - {x: -1, y: 0.4}
  - {x: -1, y: 0.8}
  - {x: -0.5, y: 0.8}
  - {x: -0.5, y: 0.4}
  - {x: -0.5, y: 0.8}
  - {x: 0, y: 0.8}
  - {x: 0, y: 0.4}
  - {x: -0.5, y: 0.4}
  - {x: 0, y: 0}
  - {x: -0.5, y: 0}
  - {x: -0.5, y: 0.4}
  - {x: 0, y: 0.4}
  - {x: -0.5, y: 0}
  - {x: -1, y: 0}
  - {x: -1, y: 0.4}
  - {x: -0.5, y: 0.4}
  - {x: -1, y: 0.4}
  - {x: -1, y: 0.8}
  - {x: -0.5, y: 0.8}
  - {x: -0.5, y: 0.4}
  - {x: -0.5, y: 0.8}
  - {x: 0, y: 0.8}
  - {x: 0, y: 0.4}
  - {x: -0.5, y: 0.4}
  - {x: 1, y: 0}
  - {x: 0.5, y: 0}
  - {x: 0.5, y: 0.4}
  - {x: 1, y: 0.4}
  - {x: 0.5, y: 0}
  - {x: 0, y: 0}
  - {x: 0, y: 0.4}
  - {x: 0.5, y: 0.4}
  - {x: 0, y: 0.4}
  - {x: 0, y: 0.8}
  - {x: 0.5, y: 0.8}
  - {x: 0.5, y: 0.4}
  - {x: 0.5, y: 0.8}
  - {x: 1, y: 0.8}
  - {x: 1, y: 0.4}
  - {x: 0.5, y: 0.4}
  - {x: 1, y: 0}
  - {x: 0.5, y: 0}
  - {x: 0.5, y: 0.4}
  - {x: 1, y: 0.4}
  - {x: 0.5, y: 0}
  - {x: 0, y: 0}
  - {x: 0, y: 0.4}
  - {x: 0.5, y: 0.4}
  - {x: 0, y: 0.4}
  - {x: 0, y: 0.8}
  - {x: 0.5, y: 0.8}
  - {x: 0.5, y: 0.4}
  - {x: 0.5, y: 0.8}
  - {x: 1, y: 0.8}
  - {x: 1, y: 0.4}
  - {x: 0.5, y: 0.4}
  - {x: 0.2, y: -0.2}
  - {x: 0.5, y: -0.2}
  - {x: 0.5, y: -0.5}
  - {x: 0.2, y: -0.5}
  - {x: 0.5, y: -0.2}
  - {x: 0.8, y: -0.2}
  - {x: 0.8, y: -0.5}
  - {x: 0.5, y: -0.5}
  - {x: 0.8, y: -0.5}
  - {x: 0.8, y: -0.8}
  - {x: 0.5, y: -0.8}
  - {x: 0.5, y: -0.5}
  - {x: 0.5, y: -0.8}
  - {x: 0.2, y: -0.8}
  - {x: 0.2, y: -0.5}
  - {x: 0.5, y: -0.5}
  - {x: 0.82913965, y: -1.8064167}
  - {x: -0.49847147, y: -1.8118191}
  - {x: -0.49609077, y: -0.46417746}
  - {x: 0.8288432, y: -0.48303822}
  - {x: -0.49847147, y: -1.8118191}
  - {x: -1.8257244, y: -1.8139749}
  - {x: -1.8250879, y: -0.48214123}
  - {x: -0.49609077, y: -0.46417746}
  - {x: -1.8250879, y: -0.48214123}
  - {x: -1.8250879, y: 0.84392434}
  - {x: -0.49809578, y: 0.8437166}
  - {x: -0.49609077, y: -0.46417746}
  - {x: -0.49809578, y: 0.8437166}
  - {x: 0.82889634, y: 0.84350884}
  - {x: 0.8288432, y: -0.48303822}
  - {x: -0.49609077, y: -0.46417746}
  - {x: -0.115780585, y: -0.47859028}
  - {x: 0.4639041, y: -0.5212517}
  - {x: 0.45945406, y: -0.6619319}
  - {x: 0.059850313, y: -0.6506368}
  - {x: 0.4639041, y: -0.5212517}
  - {x: 1.0388362, y: -0.5112263}
  - {x: 0.8590578, y: -0.67322695}
  - {x: 0.45945406, y: -0.6619319}
  - {x: 0.8590578, y: -0.67322695}
  - {x: 0.7547068, y: -0.81108344}
  - {x: 0.45500398, y: -0.8026121}
  - {x: 0.45945406, y: -0.6619319}
  - {x: 0.45500398, y: -0.8026121}
  - {x: 0.15530118, y: -0.7941408}
  - {x: 0.059850313, y: -0.6506368}
  - {x: 0.45945406, y: -0.6619319}
  - {x: 0.4816723, y: -1.1016221}
  - {x: 0.5079374, y: -0.52096134}
  - {x: 0.6486872, y: -0.5214348}
  - {x: 0.6486872, y: -0.9211981}
  - {x: 0.5079374, y: -0.52096134}
  - {x: 0.48167303, y: 0.053459518}
  - {x: 0.6486872, y: -0.121671446}
  - {x: 0.6486872, y: -0.5214348}
  - {x: 0.6486872, y: -0.121671446}
  - {x: 0.789437, y: -0.22208573}
  - {x: 0.789437, y: -0.5219082}
  - {x: 0.6486872, y: -0.5214348}
  - {x: 0.789437, y: -0.5219082}
  - {x: 0.789437, y: -0.82173073}
  - {x: 0.6486872, y: -0.9211981}
  - {x: 0.6486872, y: -0.5214348}
  - {x: 1.1147896, y: -0.32253364}
  - {x: 0.535105, y: -0.27987114}
  - {x: 0.539555, y: -0.13919091}
  - {x: 0.93915874, y: -0.1504859}
  - {x: 0.535105, y: -0.27987114}
  - {x: -0.03982715, y: -0.28989783}
  - {x: 0.13995129, y: -0.1278959}
  - {x: 0.539555, y: -0.13919091}
  - {x: 0.13995129, y: -0.1278959}
  - {x: 0.24430226, y: 0.009960562}
  - {x: 0.5440051, y: 0.0014893106}
  - {x: 0.539555, y: -0.13919091}
  - {x: 0.5440051, y: 0.0014893106}
  - {x: 0.8437079, y: -0.0069819414}
  - {x: 0.93915874, y: -0.1504859}
  - {x: 0.539555, y: -0.13919091}
  - {x: 0.29090333, y: 0.031622462}
  - {x: 0.26463896, y: -0.5427984}
  - {x: 0.12388914, y: -0.54327184}
  - {x: 0.12388914, y: -0.1435085}
  - {x: 0.26463896, y: -0.5427984}
  - {x: 0.29090405, y: -1.1234592}
  - {x: 0.12388914, y: -0.9430352}
  - {x: 0.12388914, y: -0.54327184}
  - {x: 0.12388914, y: -0.9430352}
  - {x: -0.016860666, y: -0.8435678}
  - {x: -0.016860666, y: -0.5437453}
  - {x: 0.12388914, y: -0.54327184}
  - {x: -0.016860666, y: -0.5437453}
  - {x: -0.016860666, y: -0.24392278}
  - {x: 0.12388914, y: -0.1435085}
  - {x: 0.12388914, y: -0.54327184}
  m_Textures2: []
  m_Textures3: []
  m_Tangents:
  - {x: -1, y: 0, z: 0, w: -1}
  - {x: -1, y: 0.000000032033054, z: 0.000000002682596, w: -1}
  - {x: -1, y: 0.0000000668515, z: 0, w: -1}
  - {x: -1, y: 0.000000032033054, z: 0.000000002682596, w: -1}
  - {x: -1, y: -0.000000032033054, z: -0.000000002682596, w: -1}
  - {x: -1, y: 0, z: 0, w: -1}
  - {x: -1, y: -0.000000032033054, z: -0.000000002682596, w: -1}
  - {x: -1, y: -0.0000000668515, z: 0, w: -1}
  - {x: -1, y: -0.00000006685149, z: 1.8999843e-15, w: -1}
  - {x: -0.9973734, y: -0.04519225, z: -0.0566027, w: -1}
  - {x: -0.9869104, y: -0.091196276, z: -0.13300823, w: -1}
  - {x: -0.9973734, y: -0.04519225, z: -0.0566027, w: -1}
  - {x: -0.9869104, y: 0.09119628, z: 0.13300821, w: -1}
  - {x: -0.9973734, y: 0.045192253, z: 0.056602698, w: -1}
  - {x: -1, y: 0.00000006685149, z: -1.8999843e-15, w: -1}
  - {x: -0.9973734, y: 0.045192253, z: 0.056602698, w: -1}
  - {x: 0, y: 0.00000303187, z: 1, w: -1}
  - {x: -0.00000003581924, y: 0.0000026041555, z: 1, w: -1}
  - {x: 0, y: 0.000002139248, z: 1, w: -1}
  - {x: -0.00000003581924, y: 0.0000026041555, z: 1, w: -1}
  - {x: -0.0065207877, y: 0.058535002, z: 0.9982641, w: -1}
  - {x: 0.0000000033479952, y: 0.114649706, z: 0.993406, w: -1}
  - {x: -0.0065207877, y: 0.058535002, z: 0.9982641, w: -1}
  - {x: 0, y: 0.0000021392482, z: 1, w: -1}
  - {x: 0, y: 0.0000021392482, z: 1, w: -1}
  - {x: -0.05660163, y: -0.04519009, z: 0.9973736, w: -1}
  - {x: -0.13300522, y: -0.09119404, z: 0.98691094, w: -1}
  - {x: -0.05660163, y: -0.04519009, z: 0.9973736, w: -1}
  - {x: 0.13300537, y: 0.091196075, z: 0.9869107, w: -1}
  - {x: 0.05660155, y: 0.045193277, z: 0.99737346, w: -1}
  - {x: 0, y: 0.000002139248, z: 1, w: -1}
  - {x: 0.05660155, y: 0.045193277, z: 0.99737346, w: -1}
  - {x: 0.9988837, y: -0.04723697, z: 0.0000002674345, w: -1}
  - {x: 0.99968374, y: -0.025023468, z: -0.002516013, w: -1}
  - {x: 1, y: 0, z: 0, w: -1}
  - {x: 0.99968374, y: -0.025023468, z: -0.002516013, w: -1}
  - {x: 0.9981344, y: -0.06094591, z: -0.0036633965, w: -1}
  - {x: 0.9937592, y: -0.11154675, z: 0.00000071745575, w: -1}
  - {x: 0.9981344, y: -0.06094591, z: -0.0036633965, w: -1}
  - {x: 1, y: 0, z: 0, w: -1}
  - {x: 1, y: 0, z: 0, w: -1}
  - {x: 0.99737346, y: -0.04519135, z: 0.056603227, w: -1}
  - {x: 0.9869104, y: -0.09119435, z: 0.13300954, w: -1}
  - {x: 0.99737346, y: -0.04519135, z: 0.056603227, w: -1}
  - {x: 0.9869104, y: 0.09119435, z: -0.13300954, w: -1}
  - {x: 0.99737346, y: 0.04519135, z: -0.056603227, w: -1}
  - {x: 1, y: 0, z: 0, w: -1}
  - {x: 0.99737346, y: 0.04519135, z: -0.056603227, w: -1}
  - {x: 0.0000000022485056, y: 0.053682785, z: -0.998558, w: -1}
  - {x: 0.0018626779, y: 0.028354825, z: -0.9995961, w: -1}
  - {x: 0, y: -0.0000021392482, z: -1, w: -1}
  - {x: 0.0018626779, y: 0.028354825, z: -0.9995961, w: -1}
  - {x: -0.00038647882, y: -0.005047662, z: -0.9999872, w: -1}
  - {x: 3.2805023e-10, y: -0.009637015, z: -0.99995357, w: -1}
  - {x: -0.00038647882, y: -0.005047662, z: -0.9999872, w: -1}
  - {x: -6.132289e-14, y: -0.0000021392477, z: -1, w: -1}
  - {x: 0, y: -0.000002139248, z: -1, w: -1}
  - {x: 0.05660155, y: -0.045193277, z: -0.99737346, w: -1}
  - {x: 0.13300537, y: -0.091196075, z: -0.9869107, w: -1}
  - {x: 0.05660155, y: -0.045193277, z: -0.99737346, w: -1}
  - {x: -0.13300522, y: 0.09119404, z: -0.98691094, w: -1}
  - {x: -0.05660163, y: 0.04519009, z: -0.9973736, w: -1}
  - {x: 0, y: -0.0000021392482, z: -1, w: -1}
  - {x: -0.05660163, y: 0.04519009, z: -0.9973736, w: -1}
  - {x: 1, y: 0, z: 0, w: -1}
  - {x: 1, y: 0, z: 0, w: -1}
  - {x: 1, y: 0, z: 0, w: -1}
  - {x: 1, y: 0, z: 0, w: -1}
  - {x: 1, y: 0, z: 0, w: -1}
  - {x: 1, y: 0, z: 0, w: -1}
  - {x: 1, y: 0, z: 0, w: -1}
  - {x: 1, y: 0, z: 0, w: -1}
  - {x: 1, y: 0, z: 0, w: -1}
  - {x: 1, y: 0, z: 0, w: -1}
  - {x: 1, y: 0, z: 0, w: -1}
  - {x: 1, y: 0, z: 0, w: -1}
  - {x: 1, y: 0, z: 0, w: -1}
  - {x: 1, y: 0, z: 0, w: -1}
  - {x: 1, y: 0, z: 0, w: -1}
  - {x: 1, y: 0, z: 0, w: -1}
  - {x: -0.99372685, y: 0.11176119, z: -0.0040573417, w: -1}
  - {x: -0.993575, y: -0.113145284, z: 0.0026064294, w: -1}
  - {x: -0.9386444, y: -0.3446362, z: 0.013138759, w: -1}
  - {x: -0.993575, y: -0.113145284, z: 0.0026064294, w: -1}
  - {x: -0.9989147, y: 0.046548624, z: -0.001598292, w: -1}
  - {x: -0.9796388, y: 0.20062631, z: -0.0075400937, w: -1}
  - {x: -0.9402067, y: 0.34036827, z: -0.012683512, w: -1}
  - {x: -0.9796388, y: 0.20062631, z: -0.0075400937, w: -1}
  - {x: -0.9853895, y: 0.17010084, z: -0.008556034, w: -1}
  - {x: -1, y: 4.7493015e-10, z: 0.00015664594, w: -1}
  - {x: -0.9853895, y: 0.17010084, z: -0.008556034, w: -1}
  - {x: -0.9382216, y: 0.3457952, z: -0.012888459, w: -1}
  - {x: -1, y: -0.00005775912, z: 0.00015886825, w: -1}
  - {x: -0.98283845, y: -0.18433821, z: 0.0069296, w: -1}
  - {x: -0.9368396, y: -0.3495053, z: 0.013322023, w: -1}
  - {x: -0.98283845, y: -0.18433821, z: 0.0069296, w: -1}
  - {x: 0.9907246, y: -0.120561264, z: -0.062687, w: -1}
  - {x: 0.9973783, y: -0.069358744, z: -0.020638207, w: -1}
  - {x: 0.9995974, y: -0.020064175, z: 0.020064183, w: -1}
  - {x: 0.9973783, y: -0.069358744, z: -0.020638207, w: -1}
  - {x: 0.9969805, y: 0.0379023, z: 0.06777386, w: -1}
  - {x: 0.98832035, y: 0.09812793, z: 0.11659244, w: -1}
  - {x: 0.9969805, y: 0.0379023, z: 0.06777386, w: -1}
  - {x: 0.9995974, y: -0.020064179, z: 0.020064186, w: -1}
  - {x: 0.9995974, y: -0.02006418, z: 0.020064177, w: -1}
  - {x: 0.9995974, y: -0.020064179, z: 0.020064175, w: -1}
  - {x: 0.9995974, y: -0.020064179, z: 0.020064175, w: -1}
  - {x: 0.9995974, y: -0.020064179, z: 0.020064175, w: -1}
  - {x: 0.9995974, y: -0.020064179, z: 0.020064175, w: -1}
  - {x: 0.9995974, y: -0.020064177, z: 0.020064173, w: -1}
  - {x: 0.9995974, y: -0.020064179, z: 0.020064175, w: -1}
  - {x: 0.9995974, y: -0.020064177, z: 0.020064173, w: -1}
  - {x: 0.9248153, y: 0.38028243, z: -0.010096284, w: -1}
  - {x: 0.83192194, y: 0.554883, z: -0.0032667993, w: -1}
  - {x: 0.707103, y: 0.70710266, z: 0.0033496877, w: -1}
  - {x: 0.83192194, y: 0.554883, z: -0.0032667993, w: -1}
  - {x: 0.832201, y: 0.55445975, z: -0.004010837, w: -1}
  - {x: 0.9258664, y: 0.37771374, z: -0.010187814, w: -1}
  - {x: 0.832201, y: 0.55445975, z: -0.004010837, w: -1}
  - {x: 0.70710295, y: 0.7071027, z: 0.003349688, w: -1}
  - {x: 0.7071027, y: 0.7071029, z: 0.0033497396, w: -1}
  - {x: 0.7071027, y: 0.7071029, z: 0.003349713, w: -1}
  - {x: 0.7071027, y: 0.7071029, z: 0.0033496867, w: -1}
  - {x: 0.7071027, y: 0.7071029, z: 0.003349713, w: -1}
  - {x: 0.7071027, y: 0.7071029, z: 0.0033496867, w: -1}
  - {x: 0.7071027, y: 0.7071029, z: 0.0033495813, w: -1}
  - {x: 0.7071027, y: 0.7071029, z: 0.0033494758, w: -1}
  - {x: 0.7071027, y: 0.7071029, z: 0.0033495813, w: -1}
  - {x: 0.9907248, y: 0.120560296, z: -0.06268664, w: -1}
  - {x: 0.9973783, y: 0.06935819, z: -0.02063811, w: -1}
  - {x: 0.9995974, y: 0.020064015, z: 0.020064026, w: -1}
  - {x: 0.9973783, y: 0.06935819, z: -0.02063811, w: -1}
  - {x: 0.9969805, y: -0.037901912, z: 0.0677734, w: -1}
  - {x: 0.9883206, y: -0.09812696, z: 0.11659163, w: -1}
  - {x: 0.9969805, y: -0.037901912, z: 0.0677734, w: -1}
  - {x: 0.9995974, y: 0.02006404, z: 0.020064052, w: -1}
  - {x: 0.9995974, y: 0.020064052, z: 0.02006404, w: -1}
  - {x: 0.9995974, y: 0.020064047, z: 0.020064035, w: -1}
  - {x: 0.9995974, y: 0.020064045, z: 0.020064034, w: -1}
  - {x: 0.9995974, y: 0.020064047, z: 0.020064035, w: -1}
  - {x: 0.9995974, y: 0.020064045, z: 0.020064034, w: -1}
  - {x: 0.9995974, y: 0.020064035, z: 0.020064024, w: -1}
  - {x: 0.9995974, y: 0.020064026, z: 0.020064015, w: -1}
  - {x: 0.9995974, y: 0.020064035, z: 0.020064024, w: -1}
  - {x: 0.92586637, y: -0.37771365, z: 0.0101878345, w: -1}
  - {x: 0.832201, y: -0.5544597, z: 0.00401085, w: -1}
  - {x: 0.7071031, y: -0.70710266, z: -0.0033496874, w: -1}
  - {x: 0.832201, y: -0.5544597, z: 0.00401085, w: -1}
  - {x: 0.831922, y: -0.554883, z: 0.0032669222, w: -1}
  - {x: 0.9248153, y: -0.38028243, z: 0.010096528, w: -1}
  - {x: 0.831922, y: -0.554883, z: 0.0032669222, w: -1}
  - {x: 0.7071029, y: -0.7071026, z: -0.003349687, w: -1}
  - {x: 0.7071026, y: -0.7071029, z: -0.0033494763, w: -1}
  - {x: 0.7071026, y: -0.7071031, z: -0.0033495822, w: -1}
  - {x: 0.7071026, y: -0.7071031, z: -0.0033496874, w: -1}
  - {x: 0.7071026, y: -0.7071031, z: -0.0033495822, w: -1}
  - {x: 0.7071026, y: -0.7071031, z: -0.0033496874, w: -1}
  - {x: 0.7071026, y: -0.7071031, z: -0.0033497403, w: -1}
  - {x: 0.70710266, y: -0.7071031, z: -0.003349793, w: -1}
  - {x: 0.7071026, y: -0.7071031, z: -0.0033497403, w: -1}
  m_Colors: []
  m_UnwrapParameters:
    m_HardAngle: 88
    m_PackMargin: 20
    m_AngleError: 8
    m_AreaError: 15
  m_PreserveMeshAssetOnDestroy: 0
  assetGuid: 
  m_Mesh: {fileID: 0}
  m_IsSelectable: 1
  m_SelectedFaces: 
  m_SelectedEdges: []
  m_SelectedVertices: 
--- !u!33 &5502963325991786906
MeshFilter:
  m_ObjectHideFlags: 0
  m_CorrespondingSourceObject: {fileID: 0}
  m_PrefabInstance: {fileID: 0}
  m_PrefabAsset: {fileID: 0}
  m_GameObject: {fileID: 6381686057027180801}
  m_Mesh: {fileID: 0}
--- !u!64 &8888686942985895358
MeshCollider:
  m_ObjectHideFlags: 0
  m_CorrespondingSourceObject: {fileID: 0}
  m_PrefabInstance: {fileID: 0}
  m_PrefabAsset: {fileID: 0}
  m_GameObject: {fileID: 6381686057027180801}
  m_Material: {fileID: 0}
  m_IsTrigger: 0
  m_Enabled: 1
  serializedVersion: 3
  m_Convex: 0
  m_CookingOptions: 14
  m_Mesh: {fileID: 0}
--- !u!1001 &900994543485999529
PrefabInstance:
  m_ObjectHideFlags: 0
  serializedVersion: 2
  m_Modification:
    m_TransformParent: {fileID: 5363433140661544947}
    m_Modifications:
    - target: {fileID: 128002, guid: bb660abd3b29d9f44866fd79795dbca4, type: 3}
      propertyPath: m_Name
      value: bush05
      objectReference: {fileID: 0}
    - target: {fileID: 471410, guid: bb660abd3b29d9f44866fd79795dbca4, type: 3}
      propertyPath: m_LocalPosition.x
      value: 1.4041519
      objectReference: {fileID: 0}
    - target: {fileID: 471410, guid: bb660abd3b29d9f44866fd79795dbca4, type: 3}
      propertyPath: m_LocalPosition.y
      value: 0.45717305
      objectReference: {fileID: 0}
    - target: {fileID: 471410, guid: bb660abd3b29d9f44866fd79795dbca4, type: 3}
      propertyPath: m_LocalPosition.z
      value: 0.43919486
      objectReference: {fileID: 0}
    - target: {fileID: 471410, guid: bb660abd3b29d9f44866fd79795dbca4, type: 3}
      propertyPath: m_LocalRotation.x
      value: 1
      objectReference: {fileID: 0}
    - target: {fileID: 471410, guid: bb660abd3b29d9f44866fd79795dbca4, type: 3}
      propertyPath: m_LocalRotation.y
      value: -0
      objectReference: {fileID: 0}
    - target: {fileID: 471410, guid: bb660abd3b29d9f44866fd79795dbca4, type: 3}
      propertyPath: m_LocalRotation.z
      value: -0
      objectReference: {fileID: 0}
    - target: {fileID: 471410, guid: bb660abd3b29d9f44866fd79795dbca4, type: 3}
      propertyPath: m_LocalRotation.w
      value: 0.0000029504295
      objectReference: {fileID: 0}
    - target: {fileID: 471410, guid: bb660abd3b29d9f44866fd79795dbca4, type: 3}
      propertyPath: m_RootOrder
      value: 9
      objectReference: {fileID: 0}
    - target: {fileID: 471410, guid: bb660abd3b29d9f44866fd79795dbca4, type: 3}
      propertyPath: m_LocalEulerAnglesHint.x
      value: 0
      objectReference: {fileID: 0}
    - target: {fileID: 471410, guid: bb660abd3b29d9f44866fd79795dbca4, type: 3}
      propertyPath: m_LocalEulerAnglesHint.y
      value: 0
      objectReference: {fileID: 0}
    - target: {fileID: 471410, guid: bb660abd3b29d9f44866fd79795dbca4, type: 3}
      propertyPath: m_LocalEulerAnglesHint.z
      value: 0
      objectReference: {fileID: 0}
    m_RemovedComponents: []
  m_SourcePrefab: {fileID: 100100000, guid: bb660abd3b29d9f44866fd79795dbca4, type: 3}
--- !u!4 &900994543485937883 stripped
Transform:
  m_CorrespondingSourceObject: {fileID: 471410, guid: bb660abd3b29d9f44866fd79795dbca4,
    type: 3}
  m_PrefabInstance: {fileID: 900994543485999529}
  m_PrefabAsset: {fileID: 0}
--- !u!1001 &1557335525115325606
PrefabInstance:
  m_ObjectHideFlags: 0
  serializedVersion: 2
  m_Modification:
    m_TransformParent: {fileID: 5363433140661544947}
    m_Modifications:
    - target: {fileID: 108544, guid: d638ef2ca2fe20c4c9c08e125692d3f4, type: 3}
      propertyPath: m_Name
      value: bush01 (1)
      objectReference: {fileID: 0}
    - target: {fileID: 472700, guid: d638ef2ca2fe20c4c9c08e125692d3f4, type: 3}
      propertyPath: m_LocalPosition.x
      value: -0.729
      objectReference: {fileID: 0}
    - target: {fileID: 472700, guid: d638ef2ca2fe20c4c9c08e125692d3f4, type: 3}
      propertyPath: m_LocalPosition.y
      value: 0.628
      objectReference: {fileID: 0}
    - target: {fileID: 472700, guid: d638ef2ca2fe20c4c9c08e125692d3f4, type: 3}
      propertyPath: m_LocalPosition.z
      value: 0.415
      objectReference: {fileID: 0}
    - target: {fileID: 472700, guid: d638ef2ca2fe20c4c9c08e125692d3f4, type: 3}
      propertyPath: m_LocalRotation.x
      value: 1
      objectReference: {fileID: 0}
    - target: {fileID: 472700, guid: d638ef2ca2fe20c4c9c08e125692d3f4, type: 3}
      propertyPath: m_LocalRotation.y
      value: -0
      objectReference: {fileID: 0}
    - target: {fileID: 472700, guid: d638ef2ca2fe20c4c9c08e125692d3f4, type: 3}
      propertyPath: m_LocalRotation.z
      value: -0
      objectReference: {fileID: 0}
    - target: {fileID: 472700, guid: d638ef2ca2fe20c4c9c08e125692d3f4, type: 3}
      propertyPath: m_LocalRotation.w
      value: 0.0000029504295
      objectReference: {fileID: 0}
    - target: {fileID: 472700, guid: d638ef2ca2fe20c4c9c08e125692d3f4, type: 3}
      propertyPath: m_RootOrder
      value: 7
      objectReference: {fileID: 0}
    - target: {fileID: 472700, guid: d638ef2ca2fe20c4c9c08e125692d3f4, type: 3}
      propertyPath: m_LocalEulerAnglesHint.x
      value: 0
      objectReference: {fileID: 0}
    - target: {fileID: 472700, guid: d638ef2ca2fe20c4c9c08e125692d3f4, type: 3}
      propertyPath: m_LocalEulerAnglesHint.y
      value: 0
      objectReference: {fileID: 0}
    - target: {fileID: 472700, guid: d638ef2ca2fe20c4c9c08e125692d3f4, type: 3}
      propertyPath: m_LocalEulerAnglesHint.z
      value: 0
      objectReference: {fileID: 0}
    m_RemovedComponents: []
  m_SourcePrefab: {fileID: 100100000, guid: d638ef2ca2fe20c4c9c08e125692d3f4, type: 3}
--- !u!4 &1557335525115779802 stripped
Transform:
  m_CorrespondingSourceObject: {fileID: 472700, guid: d638ef2ca2fe20c4c9c08e125692d3f4,
    type: 3}
  m_PrefabInstance: {fileID: 1557335525115325606}
  m_PrefabAsset: {fileID: 0}
--- !u!1001 &2172271958194773633
PrefabInstance:
  m_ObjectHideFlags: 0
  serializedVersion: 2
  m_Modification:
    m_TransformParent: {fileID: 5363433140661544947}
    m_Modifications:
    - target: {fileID: 1642261449637086, guid: 08e2238aa9f83d649ae215c839ba37f0, type: 3}
      propertyPath: m_Name
      value: Scaffolding_EL3
      objectReference: {fileID: 0}
    - target: {fileID: 4302420798044832, guid: 08e2238aa9f83d649ae215c839ba37f0, type: 3}
      propertyPath: m_LocalPosition.x
      value: 0.5094452
      objectReference: {fileID: 0}
    - target: {fileID: 4302420798044832, guid: 08e2238aa9f83d649ae215c839ba37f0, type: 3}
      propertyPath: m_LocalPosition.y
      value: 0.4964323
      objectReference: {fileID: 0}
    - target: {fileID: 4302420798044832, guid: 08e2238aa9f83d649ae215c839ba37f0, type: 3}
      propertyPath: m_LocalPosition.z
      value: 0.8119134
      objectReference: {fileID: 0}
    - target: {fileID: 4302420798044832, guid: 08e2238aa9f83d649ae215c839ba37f0, type: 3}
      propertyPath: m_LocalRotation.x
      value: 1
      objectReference: {fileID: 0}
    - target: {fileID: 4302420798044832, guid: 08e2238aa9f83d649ae215c839ba37f0, type: 3}
      propertyPath: m_LocalRotation.y
      value: -0
      objectReference: {fileID: 0}
    - target: {fileID: 4302420798044832, guid: 08e2238aa9f83d649ae215c839ba37f0, type: 3}
      propertyPath: m_LocalRotation.z
      value: -0
      objectReference: {fileID: 0}
    - target: {fileID: 4302420798044832, guid: 08e2238aa9f83d649ae215c839ba37f0, type: 3}
      propertyPath: m_LocalRotation.w
      value: 0.0000029504295
      objectReference: {fileID: 0}
    - target: {fileID: 4302420798044832, guid: 08e2238aa9f83d649ae215c839ba37f0, type: 3}
      propertyPath: m_RootOrder
      value: 2
      objectReference: {fileID: 0}
    - target: {fileID: 4302420798044832, guid: 08e2238aa9f83d649ae215c839ba37f0, type: 3}
      propertyPath: m_LocalEulerAnglesHint.x
      value: 0
      objectReference: {fileID: 0}
    - target: {fileID: 4302420798044832, guid: 08e2238aa9f83d649ae215c839ba37f0, type: 3}
      propertyPath: m_LocalEulerAnglesHint.y
      value: 0
      objectReference: {fileID: 0}
    - target: {fileID: 4302420798044832, guid: 08e2238aa9f83d649ae215c839ba37f0, type: 3}
      propertyPath: m_LocalEulerAnglesHint.z
      value: 0
      objectReference: {fileID: 0}
    - target: {fileID: 4302420798044832, guid: 08e2238aa9f83d649ae215c839ba37f0, type: 3}
      propertyPath: m_LocalScale.x
      value: 0.71521
      objectReference: {fileID: 0}
    - target: {fileID: 4302420798044832, guid: 08e2238aa9f83d649ae215c839ba37f0, type: 3}
      propertyPath: m_LocalScale.y
      value: 0.71521
      objectReference: {fileID: 0}
    - target: {fileID: 4302420798044832, guid: 08e2238aa9f83d649ae215c839ba37f0, type: 3}
      propertyPath: m_LocalScale.z
      value: 0.71521
      objectReference: {fileID: 0}
    m_RemovedComponents: []
  m_SourcePrefab: {fileID: 100100000, guid: 08e2238aa9f83d649ae215c839ba37f0, type: 3}
--- !u!4 &2173616639863071777 stripped
Transform:
  m_CorrespondingSourceObject: {fileID: 4302420798044832, guid: 08e2238aa9f83d649ae215c839ba37f0,
    type: 3}
  m_PrefabInstance: {fileID: 2172271958194773633}
  m_PrefabAsset: {fileID: 0}
--- !u!1001 &3794252004350534285
PrefabInstance:
  m_ObjectHideFlags: 0
  serializedVersion: 2
  m_Modification:
    m_TransformParent: {fileID: 5363433140661544947}
    m_Modifications:
    - target: {fileID: 1642261449637086, guid: 08e2238aa9f83d649ae215c839ba37f0, type: 3}
      propertyPath: m_Name
      value: Scaffolding_EL3 (1)
      objectReference: {fileID: 0}
    - target: {fileID: 4302420798044832, guid: 08e2238aa9f83d649ae215c839ba37f0, type: 3}
      propertyPath: m_LocalPosition.x
      value: 1.7964478
      objectReference: {fileID: 0}
    - target: {fileID: 4302420798044832, guid: 08e2238aa9f83d649ae215c839ba37f0, type: 3}
      propertyPath: m_LocalPosition.y
      value: 0.465
      objectReference: {fileID: 0}
    - target: {fileID: 4302420798044832, guid: 08e2238aa9f83d649ae215c839ba37f0, type: 3}
      propertyPath: m_LocalPosition.z
      value: -0.493
      objectReference: {fileID: 0}
    - target: {fileID: 4302420798044832, guid: 08e2238aa9f83d649ae215c839ba37f0, type: 3}
      propertyPath: m_LocalRotation.x
      value: 0.7068119
      objectReference: {fileID: 0}
    - target: {fileID: 4302420798044832, guid: 08e2238aa9f83d649ae215c839ba37f0, type: 3}
      propertyPath: m_LocalRotation.y
      value: -0.02045581
      objectReference: {fileID: 0}
    - target: {fileID: 4302420798044832, guid: 08e2238aa9f83d649ae215c839ba37f0, type: 3}
      propertyPath: m_LocalRotation.z
      value: -0.7068098
      objectReference: {fileID: 0}
    - target: {fileID: 4302420798044832, guid: 08e2238aa9f83d649ae215c839ba37f0, type: 3}
      propertyPath: m_LocalRotation.w
      value: 0.020455865
      objectReference: {fileID: 0}
    - target: {fileID: 4302420798044832, guid: 08e2238aa9f83d649ae215c839ba37f0, type: 3}
      propertyPath: m_RootOrder
      value: 3
      objectReference: {fileID: 0}
    - target: {fileID: 4302420798044832, guid: 08e2238aa9f83d649ae215c839ba37f0, type: 3}
      propertyPath: m_LocalEulerAnglesHint.x
      value: 0
      objectReference: {fileID: 0}
    - target: {fileID: 4302420798044832, guid: 08e2238aa9f83d649ae215c839ba37f0, type: 3}
      propertyPath: m_LocalEulerAnglesHint.y
      value: -90.00001
      objectReference: {fileID: 0}
    - target: {fileID: 4302420798044832, guid: 08e2238aa9f83d649ae215c839ba37f0, type: 3}
      propertyPath: m_LocalEulerAnglesHint.z
      value: -176.68501
      objectReference: {fileID: 0}
    - target: {fileID: 4302420798044832, guid: 08e2238aa9f83d649ae215c839ba37f0, type: 3}
      propertyPath: m_LocalScale.x
      value: 0.71521
      objectReference: {fileID: 0}
    - target: {fileID: 4302420798044832, guid: 08e2238aa9f83d649ae215c839ba37f0, type: 3}
      propertyPath: m_LocalScale.y
      value: 0.71521
      objectReference: {fileID: 0}
    - target: {fileID: 4302420798044832, guid: 08e2238aa9f83d649ae215c839ba37f0, type: 3}
      propertyPath: m_LocalScale.z
      value: 0.71521
      objectReference: {fileID: 0}
    m_RemovedComponents: []
  m_SourcePrefab: {fileID: 100100000, guid: 08e2238aa9f83d649ae215c839ba37f0, type: 3}
--- !u!4 &3794473035738109997 stripped
Transform:
  m_CorrespondingSourceObject: {fileID: 4302420798044832, guid: 08e2238aa9f83d649ae215c839ba37f0,
    type: 3}
  m_PrefabInstance: {fileID: 3794252004350534285}
  m_PrefabAsset: {fileID: 0}
--- !u!1001 &4324230471067674996
PrefabInstance:
  m_ObjectHideFlags: 0
  serializedVersion: 2
  m_Modification:
    m_TransformParent: {fileID: 5363433140661544947}
    m_Modifications:
    - target: {fileID: 108544, guid: d638ef2ca2fe20c4c9c08e125692d3f4, type: 3}
      propertyPath: m_Name
      value: bush01
      objectReference: {fileID: 0}
    - target: {fileID: 472700, guid: d638ef2ca2fe20c4c9c08e125692d3f4, type: 3}
      propertyPath: m_LocalPosition.x
      value: 1.583
      objectReference: {fileID: 0}
    - target: {fileID: 472700, guid: d638ef2ca2fe20c4c9c08e125692d3f4, type: 3}
      propertyPath: m_LocalPosition.y
      value: 0.527
      objectReference: {fileID: 0}
    - target: {fileID: 472700, guid: d638ef2ca2fe20c4c9c08e125692d3f4, type: 3}
      propertyPath: m_LocalPosition.z
      value: -1.198
      objectReference: {fileID: 0}
    - target: {fileID: 472700, guid: d638ef2ca2fe20c4c9c08e125692d3f4, type: 3}
      propertyPath: m_LocalRotation.x
      value: 1
      objectReference: {fileID: 0}
    - target: {fileID: 472700, guid: d638ef2ca2fe20c4c9c08e125692d3f4, type: 3}
      propertyPath: m_LocalRotation.y
      value: -0
      objectReference: {fileID: 0}
    - target: {fileID: 472700, guid: d638ef2ca2fe20c4c9c08e125692d3f4, type: 3}
      propertyPath: m_LocalRotation.z
      value: -0
      objectReference: {fileID: 0}
    - target: {fileID: 472700, guid: d638ef2ca2fe20c4c9c08e125692d3f4, type: 3}
      propertyPath: m_LocalRotation.w
      value: 0.0000029504295
      objectReference: {fileID: 0}
    - target: {fileID: 472700, guid: d638ef2ca2fe20c4c9c08e125692d3f4, type: 3}
      propertyPath: m_RootOrder
      value: 5
      objectReference: {fileID: 0}
    - target: {fileID: 472700, guid: d638ef2ca2fe20c4c9c08e125692d3f4, type: 3}
      propertyPath: m_LocalEulerAnglesHint.x
      value: 0
      objectReference: {fileID: 0}
    - target: {fileID: 472700, guid: d638ef2ca2fe20c4c9c08e125692d3f4, type: 3}
      propertyPath: m_LocalEulerAnglesHint.y
      value: 0
      objectReference: {fileID: 0}
    - target: {fileID: 472700, guid: d638ef2ca2fe20c4c9c08e125692d3f4, type: 3}
      propertyPath: m_LocalEulerAnglesHint.z
      value: 0
      objectReference: {fileID: 0}
    m_RemovedComponents: []
  m_SourcePrefab: {fileID: 100100000, guid: d638ef2ca2fe20c4c9c08e125692d3f4, type: 3}
--- !u!4 &4324230471068131080 stripped
Transform:
  m_CorrespondingSourceObject: {fileID: 472700, guid: d638ef2ca2fe20c4c9c08e125692d3f4,
    type: 3}
  m_PrefabInstance: {fileID: 4324230471067674996}
  m_PrefabAsset: {fileID: 0}
--- !u!1001 &4357230215046197433
PrefabInstance:
  m_ObjectHideFlags: 0
  serializedVersion: 2
  m_Modification:
    m_TransformParent: {fileID: 5363433140661544947}
    m_Modifications:
    - target: {fileID: 1642261449637086, guid: 08e2238aa9f83d649ae215c839ba37f0, type: 3}
      propertyPath: m_Name
      value: Scaffolding_EL3 (2)
      objectReference: {fileID: 0}
    - target: {fileID: 4302420798044832, guid: 08e2238aa9f83d649ae215c839ba37f0, type: 3}
      propertyPath: m_LocalPosition.x
      value: 0.41244507
      objectReference: {fileID: 0}
    - target: {fileID: 4302420798044832, guid: 08e2238aa9f83d649ae215c839ba37f0, type: 3}
      propertyPath: m_LocalPosition.y
      value: 0.35441643
      objectReference: {fileID: 0}
    - target: {fileID: 4302420798044832, guid: 08e2238aa9f83d649ae215c839ba37f0, type: 3}
      propertyPath: m_LocalPosition.z
      value: -1.8470862
      objectReference: {fileID: 0}
    - target: {fileID: 4302420798044832, guid: 08e2238aa9f83d649ae215c839ba37f0, type: 3}
      propertyPath: m_LocalRotation.x
      value: 0.0000030039453
      objectReference: {fileID: 0}
    - target: {fileID: 4302420798044832, guid: 08e2238aa9f83d649ae215c839ba37f0, type: 3}
      propertyPath: m_LocalRotation.y
      value: -0.0000030039444
      objectReference: {fileID: 0}
    - target: {fileID: 4302420798044832, guid: 08e2238aa9f83d649ae215c839ba37f0, type: 3}
      propertyPath: m_LocalRotation.z
      value: -0.99983245
      objectReference: {fileID: 0}
    - target: {fileID: 4302420798044832, guid: 08e2238aa9f83d649ae215c839ba37f0, type: 3}
      propertyPath: m_LocalRotation.w
      value: -0.018305596
      objectReference: {fileID: 0}
    - target: {fileID: 4302420798044832, guid: 08e2238aa9f83d649ae215c839ba37f0, type: 3}
      propertyPath: m_RootOrder
      value: 1
      objectReference: {fileID: 0}
    - target: {fileID: 4302420798044832, guid: 08e2238aa9f83d649ae215c839ba37f0, type: 3}
      propertyPath: m_LocalEulerAnglesHint.x
      value: -180
      objectReference: {fileID: 0}
    - target: {fileID: 4302420798044832, guid: 08e2238aa9f83d649ae215c839ba37f0, type: 3}
      propertyPath: m_LocalEulerAnglesHint.y
      value: -180
      objectReference: {fileID: 0}
    - target: {fileID: 4302420798044832, guid: 08e2238aa9f83d649ae215c839ba37f0, type: 3}
      propertyPath: m_LocalEulerAnglesHint.z
      value: -2.097992
      objectReference: {fileID: 0}
    - target: {fileID: 4302420798044832, guid: 08e2238aa9f83d649ae215c839ba37f0, type: 3}
      propertyPath: m_LocalScale.x
      value: 0.71521014
      objectReference: {fileID: 0}
    - target: {fileID: 4302420798044832, guid: 08e2238aa9f83d649ae215c839ba37f0, type: 3}
      propertyPath: m_LocalScale.y
      value: 0.71521014
      objectReference: {fileID: 0}
    - target: {fileID: 4302420798044832, guid: 08e2238aa9f83d649ae215c839ba37f0, type: 3}
      propertyPath: m_LocalScale.z
      value: 0.71521
      objectReference: {fileID: 0}
    m_RemovedComponents: []
  m_SourcePrefab: {fileID: 100100000, guid: 08e2238aa9f83d649ae215c839ba37f0, type: 3}
--- !u!4 &4357431431559514649 stripped
Transform:
  m_CorrespondingSourceObject: {fileID: 4302420798044832, guid: 08e2238aa9f83d649ae215c839ba37f0,
    type: 3}
  m_PrefabInstance: {fileID: 4357230215046197433}
  m_PrefabAsset: {fileID: 0}
--- !u!1001 &5525127856072220118
PrefabInstance:
  m_ObjectHideFlags: 0
  serializedVersion: 2
  m_Modification:
    m_TransformParent: {fileID: 5363433140661544947}
    m_Modifications:
    - target: {fileID: 108544, guid: d638ef2ca2fe20c4c9c08e125692d3f4, type: 3}
      propertyPath: m_Name
      value: bush01 (2)
      objectReference: {fileID: 0}
    - target: {fileID: 472700, guid: d638ef2ca2fe20c4c9c08e125692d3f4, type: 3}
      propertyPath: m_LocalPosition.x
      value: -0.651
      objectReference: {fileID: 0}
    - target: {fileID: 472700, guid: d638ef2ca2fe20c4c9c08e125692d3f4, type: 3}
      propertyPath: m_LocalPosition.y
      value: 0.628
      objectReference: {fileID: 0}
    - target: {fileID: 472700, guid: d638ef2ca2fe20c4c9c08e125692d3f4, type: 3}
      propertyPath: m_LocalPosition.z
      value: -1.498
      objectReference: {fileID: 0}
    - target: {fileID: 472700, guid: d638ef2ca2fe20c4c9c08e125692d3f4, type: 3}
      propertyPath: m_LocalRotation.x
      value: 1
      objectReference: {fileID: 0}
    - target: {fileID: 472700, guid: d638ef2ca2fe20c4c9c08e125692d3f4, type: 3}
      propertyPath: m_LocalRotation.y
      value: -0
      objectReference: {fileID: 0}
    - target: {fileID: 472700, guid: d638ef2ca2fe20c4c9c08e125692d3f4, type: 3}
      propertyPath: m_LocalRotation.z
      value: -0
      objectReference: {fileID: 0}
    - target: {fileID: 472700, guid: d638ef2ca2fe20c4c9c08e125692d3f4, type: 3}
      propertyPath: m_LocalRotation.w
      value: 0.0000029504295
      objectReference: {fileID: 0}
    - target: {fileID: 472700, guid: d638ef2ca2fe20c4c9c08e125692d3f4, type: 3}
      propertyPath: m_RootOrder
      value: 8
      objectReference: {fileID: 0}
    - target: {fileID: 472700, guid: d638ef2ca2fe20c4c9c08e125692d3f4, type: 3}
      propertyPath: m_LocalEulerAnglesHint.x
      value: 0
      objectReference: {fileID: 0}
    - target: {fileID: 472700, guid: d638ef2ca2fe20c4c9c08e125692d3f4, type: 3}
      propertyPath: m_LocalEulerAnglesHint.y
      value: 0
      objectReference: {fileID: 0}
    - target: {fileID: 472700, guid: d638ef2ca2fe20c4c9c08e125692d3f4, type: 3}
      propertyPath: m_LocalEulerAnglesHint.z
      value: 0
      objectReference: {fileID: 0}
    m_RemovedComponents: []
  m_SourcePrefab: {fileID: 100100000, guid: d638ef2ca2fe20c4c9c08e125692d3f4, type: 3}
--- !u!4 &5525127856072158122 stripped
Transform:
  m_CorrespondingSourceObject: {fileID: 472700, guid: d638ef2ca2fe20c4c9c08e125692d3f4,
    type: 3}
  m_PrefabInstance: {fileID: 5525127856072220118}
  m_PrefabAsset: {fileID: 0}
--- !u!1001 &7971063383624410478
PrefabInstance:
  m_ObjectHideFlags: 0
  serializedVersion: 2
  m_Modification:
    m_TransformParent: {fileID: 5363433140661544947}
    m_Modifications:
    - target: {fileID: 1649394769582844, guid: 5a192beb1b4b236428cee6cf1392c1eb, type: 3}
      propertyPath: m_Name
      value: Antenna_5B
      objectReference: {fileID: 0}
    - target: {fileID: 4999698619417306, guid: 5a192beb1b4b236428cee6cf1392c1eb, type: 3}
      propertyPath: m_LocalPosition.x
      value: 0.28969574
      objectReference: {fileID: 0}
    - target: {fileID: 4999698619417306, guid: 5a192beb1b4b236428cee6cf1392c1eb, type: 3}
      propertyPath: m_LocalPosition.y
      value: 0.913
      objectReference: {fileID: 0}
    - target: {fileID: 4999698619417306, guid: 5a192beb1b4b236428cee6cf1392c1eb, type: 3}
      propertyPath: m_LocalPosition.z
      value: -0.604
      objectReference: {fileID: 0}
    - target: {fileID: 4999698619417306, guid: 5a192beb1b4b236428cee6cf1392c1eb, type: 3}
      propertyPath: m_LocalRotation.x
      value: 0.0000025779007
      objectReference: {fileID: 0}
    - target: {fileID: 4999698619417306, guid: 5a192beb1b4b236428cee6cf1392c1eb, type: 3}
      propertyPath: m_LocalRotation.y
      value: 1
      objectReference: {fileID: 0}
    - target: {fileID: 4999698619417306, guid: 5a192beb1b4b236428cee6cf1392c1eb, type: 3}
      propertyPath: m_LocalRotation.z
      value: -0.0000029504295
      objectReference: {fileID: 0}
    - target: {fileID: 4999698619417306, guid: 5a192beb1b4b236428cee6cf1392c1eb, type: 3}
      propertyPath: m_LocalRotation.w
      value: 7.605914e-12
      objectReference: {fileID: 0}
    - target: {fileID: 4999698619417306, guid: 5a192beb1b4b236428cee6cf1392c1eb, type: 3}
      propertyPath: m_RootOrder
      value: 4
      objectReference: {fileID: 0}
    - target: {fileID: 4999698619417306, guid: 5a192beb1b4b236428cee6cf1392c1eb, type: 3}
      propertyPath: m_LocalEulerAnglesHint.x
      value: 0
      objectReference: {fileID: 0}
    - target: {fileID: 4999698619417306, guid: 5a192beb1b4b236428cee6cf1392c1eb, type: 3}
      propertyPath: m_LocalEulerAnglesHint.y
      value: 0
      objectReference: {fileID: 0}
    - target: {fileID: 4999698619417306, guid: 5a192beb1b4b236428cee6cf1392c1eb, type: 3}
      propertyPath: m_LocalEulerAnglesHint.z
      value: -180.00002
      objectReference: {fileID: 0}
    - target: {fileID: 4999698619417306, guid: 5a192beb1b4b236428cee6cf1392c1eb, type: 3}
      propertyPath: m_LocalScale.x
      value: 0.51659
      objectReference: {fileID: 0}
    - target: {fileID: 4999698619417306, guid: 5a192beb1b4b236428cee6cf1392c1eb, type: 3}
      propertyPath: m_LocalScale.y
      value: 0.51659
      objectReference: {fileID: 0}
    - target: {fileID: 4999698619417306, guid: 5a192beb1b4b236428cee6cf1392c1eb, type: 3}
      propertyPath: m_LocalScale.z
      value: 0.51659
      objectReference: {fileID: 0}
    m_RemovedComponents: []
  m_SourcePrefab: {fileID: 100100000, guid: 5a192beb1b4b236428cee6cf1392c1eb, type: 3}
--- !u!4 &7966626781262227380 stripped
Transform:
  m_CorrespondingSourceObject: {fileID: 4999698619417306, guid: 5a192beb1b4b236428cee6cf1392c1eb,
    type: 3}
  m_PrefabInstance: {fileID: 7971063383624410478}
  m_PrefabAsset: {fileID: 0}
--- !u!1001 &8885781786621217893
PrefabInstance:
  m_ObjectHideFlags: 0
  serializedVersion: 2
  m_Modification:
    m_TransformParent: {fileID: 5363433140661544947}
    m_Modifications:
    - target: {fileID: 1642261449637086, guid: 08e2238aa9f83d649ae215c839ba37f0, type: 3}
      propertyPath: m_Name
      value: Scaffolding_EL3 (3)
      objectReference: {fileID: 0}
    - target: {fileID: 4302420798044832, guid: 08e2238aa9f83d649ae215c839ba37f0, type: 3}
      propertyPath: m_LocalPosition.x
      value: -0.8975525
      objectReference: {fileID: 0}
    - target: {fileID: 4302420798044832, guid: 08e2238aa9f83d649ae215c839ba37f0, type: 3}
      propertyPath: m_LocalPosition.y
      value: 0.465
      objectReference: {fileID: 0}
    - target: {fileID: 4302420798044832, guid: 08e2238aa9f83d649ae215c839ba37f0, type: 3}
      propertyPath: m_LocalPosition.z
      value: -0.537
      objectReference: {fileID: 0}
    - target: {fileID: 4302420798044832, guid: 08e2238aa9f83d649ae215c839ba37f0, type: 3}
      propertyPath: m_LocalRotation.x
      value: 0.70709544
      objectReference: {fileID: 0}
    - target: {fileID: 4302420798044832, guid: 08e2238aa9f83d649ae215c839ba37f0, type: 3}
      propertyPath: m_LocalRotation.y
      value: -0.0041870303
      objectReference: {fileID: 0}
    - target: {fileID: 4302420798044832, guid: 08e2238aa9f83d649ae215c839ba37f0, type: 3}
      propertyPath: m_LocalRotation.z
      value: -0.70709336
      objectReference: {fileID: 0}
    - target: {fileID: 4302420798044832, guid: 08e2238aa9f83d649ae215c839ba37f0, type: 3}
      propertyPath: m_LocalRotation.w
      value: 0.0041870307
      objectReference: {fileID: 0}
    - target: {fileID: 4302420798044832, guid: 08e2238aa9f83d649ae215c839ba37f0, type: 3}
      propertyPath: m_RootOrder
      value: 6
      objectReference: {fileID: 0}
    - target: {fileID: 4302420798044832, guid: 08e2238aa9f83d649ae215c839ba37f0, type: 3}
      propertyPath: m_LocalEulerAnglesHint.x
      value: 0
      objectReference: {fileID: 0}
    - target: {fileID: 4302420798044832, guid: 08e2238aa9f83d649ae215c839ba37f0, type: 3}
      propertyPath: m_LocalEulerAnglesHint.y
      value: -90.00001
      objectReference: {fileID: 0}
    - target: {fileID: 4302420798044832, guid: 08e2238aa9f83d649ae215c839ba37f0, type: 3}
      propertyPath: m_LocalEulerAnglesHint.z
      value: 180.67899
      objectReference: {fileID: 0}
    - target: {fileID: 4302420798044832, guid: 08e2238aa9f83d649ae215c839ba37f0, type: 3}
      propertyPath: m_LocalScale.x
      value: 0.71521026
      objectReference: {fileID: 0}
    - target: {fileID: 4302420798044832, guid: 08e2238aa9f83d649ae215c839ba37f0, type: 3}
      propertyPath: m_LocalScale.y
      value: 0.7152101
      objectReference: {fileID: 0}
    - target: {fileID: 4302420798044832, guid: 08e2238aa9f83d649ae215c839ba37f0, type: 3}
      propertyPath: m_LocalScale.z
      value: 0.7152101
      objectReference: {fileID: 0}
    m_RemovedComponents: []
  m_SourcePrefab: {fileID: 100100000, guid: 08e2238aa9f83d649ae215c839ba37f0, type: 3}
--- !u!4 &8890081972725413573 stripped
Transform:
  m_CorrespondingSourceObject: {fileID: 4302420798044832, guid: 08e2238aa9f83d649ae215c839ba37f0,
    type: 3}
  m_PrefabInstance: {fileID: 8885781786621217893}
  m_PrefabAsset: {fileID: 0}
